@Article{zbMATH06517855,
    Author = {Winfried {Bruns} and Bogdan {Ichim} and Christof {S\"oger}},
    Title = {{The power of pyramid decomposition in Normaliz.}},
    FJournal = {{Journal of Symbolic Computation}},
    Journal = {{J. Symb. Comput.}},
    ISSN = {0747-7171},
    Volume = {74},
    Pages = {513--536},
    Year = {2016},
    Publisher = {Elsevier (Academic Press), London},
    Language = {English},
    DOI = {10.1016/j.jsc.2015.09.003},
    MSC2010 = {68W30 13D40 52B20 91B14},
    Zbl = {1332.68298}
}
@Article{zbMATH06378440,
	Author = {Winfried {Bruns} and Christof {S\"oger}},
	Title = {{The computation of generalized Ehrhart series in normaliz.}},
	FJournal = {{Journal of Symbolic Computation}},
	Journal = {{J. Symb. Comput.}},
	ISSN = {0747-7171},
	Volume = {68},
	Pages = {75--86},
	Year = {2015},
	Publisher = {Elsevier (Academic Press), London},
	Language = {English},
	DOI = {10.1016/j.jsc.2014.09.004},
	MSC2010 = {52B20 13F20 14M25 91B12},
	Zbl = {1320.52018}
}
@InCollection{zbMATH06341378,
	Author = {John {Abbott} and Anna Maria {Bigatti} and Christof {S\"oger}},
	Title = {{Integration of libnormaliz in CoCoALib and CoCoA 5.}},
	BookTitle = {{Mathematical software -- ICMS 2014. 4th international congress, Seoul, South Korea, August 5--9, 2014. Proceedings}},
	ISBN = {978-3-662-44198-5/pbk},
	Pages = {647--653},
	Year = {2014},
	Publisher = {Berlin: Springer},
	Language = {English},
	DOI = {10.1007/978-3-662-44199-2_97},
	MSC2010 = {65Yxx 68W30}
}
@Article{zbMATH06152621,
	Author = {Winfried {Bruns} and Raymond {Hemmecke} and Bogdan {Ichim} and Matthias {K\"oppe} and Christof {S\"oger}},
	Title = {{Challenging computations of Hilbert bases of cones associated with algebraic statistics.}},
	FJournal = {{Experimental Mathematics}},
	Journal = {{Exp. Math.}},
	ISSN = {1058-6458; 1944-950X/e},
	Volume = {20},
	Number = {1},
	Pages = {25--33},
	Year = {2011},
	Publisher = {Taylor \& Francis, Philadelphia, PA},
	Language = {English},
	DOI = {10.1080/10586458.2011.544574},
	MSC2010 = {13P25 14M25 52B20 14C05},
	Zbl = {1273.13052}
}

@Article{zbMATH05817245,
	Author = {Winfried {Bruns} and Bogdan {Ichim}},
	Title = {{Normaliz: Algorithms for affine monoids and rational cones.}},
	FJournal = {{Journal of Algebra}},
	Journal = {{J. Algebra}},
	ISSN = {0021-8693},
	Volume = {324},
	Number = {5},
	Pages = {1098--1113},
	Year = {2010},
	Publisher = {Elsevier (Academic Press), San Diego, CA},
	Language = {English},
	DOI = {10.1016/j.jalgebra.2010.01.031},
	MSC2010 = {13P99 14Q99 14M25},
	Zbl = {1203.13033}
}

@InCollection{zbMATH05785570,
	Author = {Winfried {Bruns} and Bogdan {Ichim} and Christof {S\"oger}},
	Title = {{Introduction to Normaliz 2.5.}},
	BookTitle = {{Mathematical software -- ICMS 2010. Third international congress on mathematical software, Kobe, Japan, September 13--17, 2010. Proceedings}},
	ISBN = {978-3-642-15581-9/pbk},
	Pages = {209--212},
	Year = {2010},
	Publisher = {Berlin: Springer},
	Language = {English},
	DOI = {10.1007/978-3-642-15582-6_36},
	MSC2010 = {68W30 11D75 11Y40 13P10 52B20 52B55},
	Zbl = {1294.68152}
}

@InCollection{ICMS16,
	Author = {Winfried {Bruns} and Richard  {Sieg} and Christof {S\"oger}},
	Title = {{The Subdivision of Large Simplicial Cones in Normaliz.}},
	BookTitle = {{MathematicalSoftware -- ICMS 2016. 5th International Conference
	Berlin, Germany, July 11â€“14, 2016. Proceedings}},
	ISBN = {ISBN 978-3-319-42432-3 (eBook)},
	Pages = {1026},
	Publisher = {Berlin: Springer},
	Language = {English},
	DOI = {10.1007/978-3-319-42432-3 13},
	MSC2010 = {68W30 11D75 11Y40 13P10 52B20 52B55},
}

@Article{zbMATH06437699,
	Author = {Winfried {Bruns} and Gesa {K\"ampf}},
	Title = {{A Macaulay2 interface for Normaliz.}},
	FJournal = {{The Journal of Software for Algebra and Geometry [electronic only]}},
	Journal = {{J. Softw. Algebra Geom.}},
	ISSN = {1948-7916/e},
	Volume = {2},
	Pages = {15--19},
	Year = {2010},
	Publisher = {Mathematical Sciences Publishers (MSP), Berkeley, CA},
	Language = {English},
	DOI = {10.2140/jsag.2010.2.15},
	MSC2010 = {13P99 14M25 52B20 20M14 65Y15},
	Zbl = {1311.13042}
}

@Book{zbMATH01998147,
Author = {Robert {Koch}},
Title = {{Affine monoids, Hilbert bases and Hilbert functions.}},
Pages = {v + 102},
Year = {2003},
Publisher = {Ph D. thesis, Univ. Osnabr\"uck, Fachbereich Mathematik/Informatik},
Language = {English},
MSC2010 = {13-02 52-02 13D40},
Zbl = {1138.13300}
}

@Book{SoegerDiss,
Author = {Christof {S\"oger}},
Title = {{Parallel Algorithms for Rational
Cones and Affine Monoids.}},
Pages = {72},
Year = {2014},
Publisher = {PhD. thesis, Univ. Osnabr\"uck, Fachbereich Mathematik/Informatik},
Language = {English},
}

@Article{zbMATH01797658,
	Author = {Winfried {Bruns} and Robert {Koch}},
	Title = {{Computing the integral closure of an affine semigroup.}},
	FJournal = {{Zeszyty Naukowe Uniwersytetu Jagiello\'nskiego. Universitatis Iagellonicae Acta Mathematica}},
	Journal = {{Zesz. Nauk. Uniw. Jagiell., Univ. Iagell. Acta Math.}},
	ISSN = {0083-4386; 0083-4382/e},
	Volume = {1255},
	Pages = {59--70},
	Year = {2001},
	Publisher = {Jagiellonian University (Uniwersytet Jagiello\'nski), Cracow},
	Language = {English},
	MSC2010 = {20M14 20-04 20M05 68W30},
	Zbl = {1006.20045}
}

@InCollection{zbMATH06341380,
    Author = {Winfried {Bruns} and Christof {S\"oger}},
    Title = {{Recent developments in normaliz.}},
    BookTitle = {{Mathematical software -- ICMS 2014. 4th international congress, Seoul, South Korea, August 5--9, 2014. Proceedings}},
    ISBN = {978-3-662-44198-5/pbk},
    Pages = {663--668},
    Year = {2014},
    Publisher = {Berlin: Springer},
    Language = {English},
    DOI = {10.1007/978-3-662-44199-2_99},
    MSC2010 = {65Yxx 68W30}
}



@article{bruns2018polytope,
	title={Polytope volume by descent in the face lattice and applications in social choice},
	author={Bruns, Winfried and Ichim, Bogdan},
	journal={Math. Prog. Comp.},
	Volume = {1113},
	Pages = {416--442},
	Year = {2020},

}

@article{bruns2017computations,
    AUTHOR = {Bruns, Winfried and Ichim, Bogdan and S\"{o}ger, Christof},
TITLE = {Computations of volumes and {E}hrhart series in four
candidates elections},
JOURNAL = {Ann. Oper. Res.},
FJOURNAL = {Annals of Operations Research},
VOLUME = {280},
YEAR = {2019},
NUMBER = {1-2},
PAGES = {241--265},
ISSN = {0254-5330},
MRCLASS = {91B14 (52B20 91B12)},
MRNUMBER = {3997261},
DOI = {10.1007/s10479-019-03152-y},
URL = {https://doi.org/10.1007/s10479-019-03152-y},
}

@incollection{bruns2017normaliz,
    AUTHOR = {Bruns, Winfried and Sieg, Richard and S\"{o}ger, Christof},
TITLE = {Normaliz 2013--2016},
BOOKTITLE = {Algorithmic and experimental methods in algebra, geometry, and
number theory},
PAGES = {123--146},
PUBLISHER = {Springer, Cham},
YEAR = {2017},
MRCLASS = {52B20 (13F20 14M25 91B12)},
MRNUMBER = {3792723},
}

@InProceedings{10.1007/978-3-030-52200-1_19,
	author="Bruns, Winfried",
	editor="Bigatti, Anna Maria
	and Carette, Jacques
	and Davenport, James H.
	and Joswig, Michael
	and de Wolff, Timo",
	title="Algebraic Polytopes in Normaliz",
	booktitle="Mathematical Software -- ICMS 2020",
	year="2020",
	publisher="Springer International Publishing",
	address="Cham",
	pages="193--201",
	abstract="We describe the implementation of algebraic polyhedra in Normaliz. In addition to convex hull computation/vertex enumeration, Normaliz computes triangulations, volumes, lattice points, face lattices and automorphism groups. The arithmetic is based on the package e-antic by V. Delecroix.",
	isbn="978-3-030-52200-1"
}

@ARTICLE{2021arXiv211209518B,
	author = {{Bruns}, Winfried},
	title = "{Polytope volume in Normaliz}",
	journal = {arXiv e-prints},
	keywords = {Mathematics - Combinatorics, 52B55, 52A38},
	year = 2021,
	month = dec,
	eid = {arXiv:2112.09518},
	pages = {arXiv:2112.09518},
	archivePrefix = {arXiv},
	eprint = {2112.09518},
	primaryClass = {math.CO},
	adsurl = {https://ui.adsabs.harvard.edu/abs/2021arXiv211209518B},
	adsnote = {Provided by the SAO/NASA Astrophysics Data System}
}

@ARTICLE{2021arXiv211208145B,
	author = {{Bruns}, Winfried},
	title = "{Automorphism groups and normal forms in Normaliz}",
	journal = {arXiv e-prints},
	keywords = {Mathematics - Combinatorics, 52C15, 20B25, 52B55},
	year = 2021,
	month = dec,
	eid = {arXiv:2112.08145},
	pages = {arXiv:2112.08145},
	archivePrefix = {arXiv},
	eprint = {2112.08145},
	primaryClass = {math.CO},
	adsurl = {https://ui.adsabs.harvard.edu/abs/2021arXiv211208145B},
	adsnote = {Provided by the SAO/NASA Astrophysics Data System}
}

@ARTICLE{2021arXiv210900473B,
	author = {{Bruns}, Winfried and {Ichim}, Bogdan},
	title = "{Computations of volumes in five candidates elections}",
	journal = {arXiv e-prints},
	keywords = {Mathematics - Combinatorics, Mathematics - Commutative Algebra},
	year = 2021,
	month = sep,
	eid = {arXiv:2109.00473},
	pages = {arXiv:2109.00473},
	archivePrefix = {arXiv},
	eprint = {2109.00473},
	primaryClass = {math.CO},
	adsurl = {https://ui.adsabs.harvard.edu/abs/2021arXiv210900473B},
	adsnote = {Provided by the SAO/NASA Astrophysics Data System}
}



