%%%%%%% Aus Normaliz-Antrag 2012/13

@InCollection{zbMATH06454600,
    Author = {Klaus {Altmann} and Lars {Kastner}},
    Title = {{Negative deformations of toric singularities that are smooth in codimension two.}},
    BookTitle = {{Deformations of surface singularities}},
    ISBN = {978-3-642-39130-9/hbk; 978-963-9453-16-6/hbk; 978-3-642-39131-6/ebook},
    Pages = {13--55},
    Year = {2013},
    Publisher = {Berlin: Springer; Budapest: J\'anos Bolyai Mathematical Society},
    Language = {English},
    DOI = {10.1007/978-3-642-39131-6_1},
    MSC2010 = {14B07 14M25 14B05 14J17},
    Zbl = {1315.14003}
}

@Article{zbMATH05659941,
    Author = {Matthias {Beck} and Christian {Haase} and Steven V {Sam}},
    Title = {{Grid graphs, Gorenstein polytopes, and domino stackings.}},
    FJournal = {{Graphs and Combinatorics}},
    Journal = {{Graphs Comb.}},
    ISSN = {0911-0119; 1435-5914/e},
    Volume = {25},
    Number = {4},
    Pages = {409--426},
    Year = {2009},
    Publisher = {Springer Japan, Tokyo},
    Language = {English},
    DOI = {10.1007/s00373-005-0858-y},
    MSC2010 = {05C70 05C78 05B45},
    Zbl = {1189.05142}
}

@Article{zbMATH05727231,
    Author = {Matthias {Beck} and Sinai {Robins} and Steven V. {Sam}},
    Title = {{Positivity theorems for solid-angle polynomials.}},
    FJournal = {{Beitr\"age zur Algebra und Geometrie}},
    Journal = {{Beitr. Algebra Geom.}},
    ISSN = {0138-4821; 2191-0383/e},
    Volume = {51},
    Number = {2},
    Pages = {493--507},
    Year = {2010},
    Publisher = {Springer, Berlin/Heidelberg},
    Language = {English},
    MSC2010 = {52C07 28A75 05A15},
    Zbl = {1257.52007}
}

@InCollection{zbMATH06470495,
    Author = {Winfried {Bruns}},
    Title = {{The quest for counterexamples in toric geometry.}},
    BookTitle = {{Commutative algebra and algebraic geometry. Proceedings of the international conference (CAAG-2010), Bangalore, India, December 6--10, 2010, in honour of Balwant Singh, Uwe Storch and Rajendra V. Gurjar}},
    ISBN = {978-93-80416-10-6/hbk},
    Pages = {45--61},
    Year = {2013},
    Publisher = {Mysore: Ramanujan Mathematical Society},
    Language = {English},
    MSC2010 = {14M25 52B20},
    Zbl = {1317.14112}
}

@Article{zbMATH06344029,
    Author = {Benjamin A. {Burton} and Melih {Ozlen}},
    Title = {{Computing the crosscap number of a knot using integer programming and normal surfaces.}},
    FJournal = {{ACM Transactions on Mathematical Software}},
    Journal = {{ACM Trans. Math. Softw.}},
    ISSN = {0098-3500; 1557-7295/e},
    Volume = {39},
    Number = {1},
    Pages = {18},
    Year = {2012},
    Publisher = {Association for Computing Machinery (ACM), New York, NY},
    Language = {English},
    DOI = {10.1145/2382585.2382589},
    MSC2010 = {57M25 90C10},
    Zbl = {1295.57006}
}

@Article{zbMATH05503777,
    Author = {Alastair {Craw} and Gregory G. {Smith}},
    Title = {{Projective toric varieties as fine moduli spaces of quiver representations.}},
    FJournal = {{American Journal of Mathematics}},
    Journal = {{Am. J. Math.}},
    ISSN = {0002-9327; 1080-6377/e},
    Volume = {130},
    Number = {6},
    Pages = {1509--1534},
    Year = {2008},
    Publisher = {Johns Hopkins University Press, Baltimore, MD},
    Language = {English},
    DOI = {10.1353/ajm.0.0027},
    MSC2010 = {14M25 14D20 14L24 16G20},
    Zbl = {1183.14066}
}

@Article{zbMATH05704237,
    Author = {Raymond {Hemmecke} and Akimichi {Takemura} and Ruriko {Yoshida}},
    Title = {{Computing holes in semi-groups and its applications to transportation problems.}},
    FJournal = {{Contributions to Discrete Mathematics [electronic only]}},
    Journal = {{Contrib. Discrete Math.}},
    ISSN = {1715-0868/e},
    Volume = {4},
    Number = {1},
    Pages = {81--91},
    Year = {2009},
    Publisher = {University of Calgary, Calgary, AB},
    Language = {English},
    MSC2010 = {90C10 05E99 11D04},
    Zbl = {1203.90115}
}

@Article{zbMATH05576436,
    Author = {Kenji {Kashiwabara}},
    Title = {{Scheduling partial round robin tournaments subject to home away pattern sets.}},
    FJournal = {{The Electronic Journal of Combinatorics [electronic only]}},
    Journal = {{Electron. J. Comb.}},
    ISSN = {1077-8926/e},
    Volume = {16},
    Number = {1},
    Pages = {research paper r55, 23},
    Year = {2009},
    Publisher = {Prof. Andr\'e K\"undgen c/o California State University San Marcos, Deptartment of Mathematics, San Marcos, CA},
    Language = {English},
    MSC2010 = {90B35 68R10},
    Zbl = {1166.90009}
}

@Article{zbMATH02092089,
    Author = {Diane {Maclagan} and Gregory G. {Smith}},
    Title = {{Multigraded Castelnuovo-Mumford regularity.}},
    FJournal = {{Journal f\"ur die Reine und Angewandte Mathematik}},
    Journal = {{J. Reine Angew. Math.}},
    ISSN = {0075-4102; 1435-5345/e},
    Volume = {571},
    Pages = {179--212},
    Year = {2004},
    Publisher = {De Gruyter, Berlin},
    Language = {English},
    DOI = {10.1515/crll.2004.040},
    MSC2010 = {13D02 14M25 13D45},
    Zbl = {1062.13004}
}

@Article{zbMATH06299202,
    Author = {Achill {Sch\"urmann}},
    Title = {{Exploiting polyhedral symmetries in social choice.}},
    FJournal = {{Social Choice and Welfare}},
    Journal = {{Soc. Choice Welfare}},
    ISSN = {0176-1714; 1432-217X/e},
    Volume = {40},
    Number = {4},
    Pages = {1097--1110},
    Year = {2013},
    Publisher = {Springer, Berlin/Heidelberg},
    Language = {English},
    DOI = {10.1007/s00355-012-0667-1},
    MSC2010 = {91B14 91B12 90C57},
    Zbl = {1288.91076}
}

@Article{zbMATH05604555,
    Author = {Bernd {Sturmfels} and Seth {Sullivant}},
    Title = {{Toric geometry of cuts and splits.}},
    FJournal = {{Michigan Mathematical Journal}},
    Journal = {{Mich. Math. J.}},
    ISSN = {0026-2285},
    Volume = {57},
    Pages = {689--709},
    Year = {2008},
    Publisher = {University of Michigan, Department of Mathematics, Ann Arbor, MI},
    Language = {English},
    DOI = {10.1307/mmj/1220879432},
    MSC2010 = {13P10 52B20 13F55 14M25 13P25 05C90},
    Zbl = {1180.13040}
}

%%%%%%% Aus versachiedenen Quellen 14.09.16 BibTeX aus ZB

@InCollection{zbMATH05506117,
    Author = {Akimichi {Takemura} and Ruriko {Yoshida}},
    Title = {{Saturation points on faces of a rational polyhedral cone.}},
    BookTitle = {{Integer points in polyhedra---geometry, number theory, algebra, optimization, statistics. Proceedings of the AMS-IMS-SIAM joint summer research conference, Snowbird, UT, USA, June 11--15, 2006}},
    ISBN = {978-0-8218-4173-0/pbk},
    Pages = {147--161},
    Year = {2008},
    Publisher = {Providence, RI: American Mathematical Society (AMS)},
    Language = {English},
    MSC2010 = {06F05 11D04 20M14 52B05},
    Zbl = {1162.06008}
}

@Article{zbMATH01875899,
    Author = {Abdul Salam {Jarrah}},
    Title = {{Integral closures of Cohen-Macaulay monomial ideals.}},
    FJournal = {{Communications in Algebra}},
    Journal = {{Commun. Algebra}},
    ISSN = {0092-7872; 1532-4125/e},
    Volume = {30},
    Number = {11},
    Pages = {5473--5478},
    Year = {2002},
    Publisher = {Taylor \& Francis, Philadelphia, PA},
    Language = {English},
    DOI = {10.1081/AGB-120015661},
    MSC2010 = {13C14 13B22 13F20 13P10},
    Zbl = {1046.13011}
}


@Article{zbMATH05697061,
    Author = {Thuy {Pham} and Wolmer V. {Vasconcelos}},
    Title = {{On the computation of the jdeg of blowup algebras.}},
    FJournal = {{Journal of Pure and Applied Algebra}},
    Journal = {{J. Pure Appl. Algebra}},
    ISSN = {0022-4049},
    Volume = {214},
    Number = {10},
    Pages = {1800--1807},
    Year = {2010},
    Publisher = {Elsevier (North-Holland), Amsterdam},
    Language = {English},
    DOI = {10.1016/j.jpaa.2009.12.022},
    MSC2010 = {13A30 13B21 13D40},
    Zbl = {1184.13016}
}

@Article{zbMATH06141841,
    Author = {Janko {B\"ohm} and David {Eisenbud} and Max J. {Nitsche}},
    Title = {{Decomposition of semigroup algebras.}},
    FJournal = {{Experimental Mathematics}},
    Journal = {{Exp. Math.}},
    ISSN = {1058-6458; 1944-950X/e},
    Volume = {21},
    Number = {4},
    Pages = {385--394},
    Year = {2012},
    Publisher = {Taylor \& Francis, Philadelphia, PA},
    Language = {English},
    DOI = {10.1080/10586458.2012.688376},
    MSC2010 = {13D45 13P99 13H10},
    Zbl = {1270.13013}
}

@Article{zbMATH05182693,
    Author = {Juan {Elias}},
    Title = {{On the computation of the Ratliff-Rush closure.}},
    FJournal = {{Journal of Symbolic Computation}},
    Journal = {{J. Symb. Comput.}},
    ISSN = {0747-7171},
    Volume = {37},
    Number = {6},
    Pages = {717--725},
    Year = {2004},
    Publisher = {Elsevier (Academic Press), London},
    Language = {English},
    DOI = {10.1016/j.jsc.2003.10.003},
    MSC2010 = {13H10 13P10},
    Zbl = {1137.13310}
}

@Article{zbMATH06298404,
    Author = {Hans-Christian {Herbig} and Christopher {Seaton}},
    Title = {{The Hilbert series of a linear symplectic circle quotient.}},
    FJournal = {{Experimental Mathematics}},
    Journal = {{Exp. Math.}},
    ISSN = {1058-6458; 1944-950X/e},
    Volume = {23},
    Number = {1},
    Pages = {46--65},
    Year = {2014},
    Publisher = {Taylor \& Francis, Philadelphia, PA},
    Language = {English},
    DOI = {10.1080/10586458.2013.863745},
    MSC2010 = {53D20 13A50},
    Zbl = {1301.53091}
}

@Article{zbMATH06055598,
    Author = {Remco {Bouckaert} and Raymond {Hemmecke} and Silvia {Lindner} and Milan {Studen\'y}},
    Title = {{Efficient algorithms for conditional independence inference.}},
    FJournal = {{Journal of Machine Learning Research (JMLR)}},
    Journal = {{J. Mach. Learn. Res.}},
    ISSN = {1532-4435; 1533-7928/e},
    Volume = {11},
    Pages = {3453--3479},
    Year = {2010},
    Publisher = {Microtome Publishing, Brookline, MA},
    Language = {English},
    MSC2010 = {62P99 68U99 90C05},
    Zbl = {1242.62129}
}

@Article{zbMATH06275734,
    Author = {Marko {Thiel}},
    Title = {{On the $H$-triangle of generalised nonnesting partitions.}},
    FJournal = {{European Journal of Combinatorics}},
    Journal = {{Eur. J. Comb.}},
    ISSN = {0195-6698},
    Volume = {39},
    Pages = {244--255},
    Year = {2014},
    Publisher = {Elsevier (Academic Press), London},
    Language = {English},
    DOI = {10.1016/j.ejc.2014.01.010},
    MSC2010 = {05E15 05A17 20F55 51F15},
    Zbl = {1284.05336}
}

@Article{zbMATH06514459,
    Author = {Huy T\`ai {H\`a} and Kuei-Nuan {Lin}},
    Title = {{Normal 0-1 polytopes.}},
    FJournal = {{SIAM Journal on Discrete Mathematics}},
    Journal = {{SIAM J. Discrete Math.}},
    ISSN = {0895-4801; 1095-7146/e},
    Volume = {29},
    Number = {1},
    Pages = {210--223},
    Year = {2015},
    Publisher = {Society for Industrial and Applied Mathematics (SIAM), Philadelphia, PA},
    Language = {English},
    DOI = {10.1137/130948240},
    MSC2010 = {13B20 13A30 52B20 05C31}
}

@Article{zbMATH06305460,
    Author = {Liam {O'Carroll} and Francesc {Planas-Vilanova} and Rafael H. {Villarreal}},
    Title = {{Degree and algebraic properties of lattice and matrix ideals.}},
    FJournal = {{SIAM Journal on Discrete Mathematics}},
    Journal = {{SIAM J. Discrete Math.}},
    ISSN = {0895-4801; 1095-7146/e},
    Volume = {28},
    Number = {1},
    Pages = {394--427},
    Year = {2014},
    Publisher = {Society for Industrial and Applied Mathematics (SIAM), Philadelphia, PA},
    Language = {English},
    DOI = {10.1137/130922094},
    MSC2010 = {13F20 13A15 13H15 13P05 05E40},
    Zbl = {1334.13017}
}

@Article{zbMATH05721446,
    Author = {Jos\'e {Mart{\'\i}nez-Bernal} and Edwin {O'Shea} and Rafael H. {Villarreal}},
    Title = {{Ehrhart clutters: regularity and max-flow min-cut.}},
    FJournal = {{The Electronic Journal of Combinatorics [electronic only]}},
    Journal = {{Electron. J. Comb.}},
    ISSN = {1077-8926/e},
    Volume = {17},
    Number = {1},
    Pages = {research paper r52, 18},
    Year = {2010},
    Publisher = {Prof. Andr\'e K\"undgen c/o California State University San Marcos, Deptartment of Mathematics, San Marcos, CA},
    Language = {English},
    MSC2010 = {13H10 52B20 13D02 13F55 05C17 05C65 90C47},
    Zbl = {1189.13021}
}

@Article{zbMATH05875023,
    Author = {Luis A. {Dupont} and Rafael H. {Villarreal}},
    Title = {{Symbolic Rees algebras, vertex covers and irreducible representations of Rees cones.}},
    FJournal = {{Algebra and Discrete Mathematics}},
    Journal = {{Algebra Discrete Math.}},
    ISSN = {1726-3255},
    Volume = {10},
    Number = {2},
    Pages = {64--86},
    Year = {2010},
    Publisher = {Lugansk Taras Shevchenko National University, Lugansk},
    Language = {English},
    MSC2010 = {13F20 05C75 05C65 52B20},
    Zbl = {1224.13022}
}

@InCollection{zbMATH06052208,
    Author = {Susan {Morey} and Rafael H. {Villarreal}},
    Title = {{Edge ideals: algebraic and combinatorial properties.}},
    BookTitle = {{Progress in commutative algebra 1. Combinatorics and homology}},
    ISBN = {978-3-11-025034-3/hbk; 978-3-11-025040-4/ebook},
    Pages = {85--126},
    Year = {2012},
    Publisher = {Berlin: Walter de Gruyter},
    Language = {English},
    MSC2010 = {13-02 13F55 05C10 05C25 05C65 05E40},
    Zbl = {1246.13001}
}

@Article{zbMATH05940448,
    Author = {Massimo {Caboara} and Sara {Faridi}},
    Title = {{Odd-cycle-free facet complexes and the K\"onig property.}},
    FJournal = {{Rocky Mountain Journal of Mathematics}},
    Journal = {{Rocky Mt. J. Math.}},
    ISSN = {0035-7596},
    Volume = {41},
    Number = {4},
    Pages = {1059--1079},
    Year = {2011},
    Publisher = {Rocky Mountain Mathematics Consortium c/o Arizona State University, Tempe, AZ},
    Language = {English},
    DOI = {10.1216/RMJ-2011-41-4-1059},
    MSC2010 = {05C38 05C65},
    Zbl = {1284.05144}
}

@Article{zbMATH05132556,
    Author = {J\"urgen {Herzog} and Takayuki {Hibi} and Ng\^o Vi\^et {Trung}},
    Title = {{Symbolic powers of monomial ideals and vertex cover algebras.}},
    FJournal = {{Advances in Mathematics}},
    Journal = {{Adv. Math.}},
    ISSN = {0001-8708},
    Volume = {210},
    Number = {1},
    Pages = {304--322},
    Year = {2007},
    Publisher = {Elsevier (Academic Press), San Diego, CA},
    Language = {English},
    DOI = {10.1016/j.aim.2006.06.007},
    MSC2010 = {13A30 13D02 13H10},
    Zbl = {1112.13006}
}

@Article{zbMATH06396763,
    Author = {Alin {\c Stefan}},
    Title = {{The type of the base ring associated to a product of transversal polymatroids.}},
    FJournal = {{Romanian Journal of Mathematics and Computer Science}},
    Journal = {{Rom. J. Math. Comput. Sci.}},
    ISSN = {2247-689X},
    Volume = {3},
    Number = {2},
    Pages = {205--220},
    Year = {2013},
    Publisher = {Technical University of Civil Engineering, Bucharest; Editura CONSPRESS, Bucharest},
    Language = {English},
    MSC2010 = {13A02 13H10 13D40 15A39},
    Zbl = {1313.13001}
}

@Article{zbMATH06545186,
    Author = {Benjamin {Lorenz} and Benjamin {Nill}},
    Title = {{On smooth Gorenstein polytopes.}},
    FJournal = {{Tohoku Mathematical Journal. Second Series}},
    Journal = {{Tohoku Math. J. (2)}},
    ISSN = {0040-8735},
    Volume = {67},
    Number = {4},
    Pages = {513--530},
    Year = {2015},
    Publisher = {Tohoku University, Mathematical Institute, Sendai},
    Language = {English},
    DOI = {10.2748/tmj/1450798070},
    MSC2010 = {52B20 14M25 14J45},
    Zbl = {1338.52014}
}

@Article{zbMATH06434452,
    Author = {Jack {Jeffries} and Jonathan {Monta\~no} and Matteo {Varbaro}},
    Title = {{Multiplicities of classical varieties.}},
    FJournal = {{Proceedings of the London Mathematical Society. Third Series}},
    Journal = {{Proc. Lond. Math. Soc. (3)}},
    ISSN = {0024-6115; 1460-244X/e},
    Volume = {110},
    Number = {4},
    Pages = {1033--1055},
    Year = {2015},
    Publisher = {Oxford University Press, Oxford; London Mathematical Society, London},
    Language = {English},
    DOI = {10.1112/plms/pdv005},
    MSC2010 = {13H15 13A30 13B22 14M12 05E40},
    Zbl = {1314.13042}
}

@Article{zbMATH06192647,
    Author = {Elena {Guardo} and Brian {Harbourne} and Adam {Van Tuyl}},
    Title = {{Symbolic powers versus regular powers of ideals of general points in $\mathbb{P}^1 \times \mathbb{P}^1$.}},
    FJournal = {{Canadian Journal of Mathematics}},
    Journal = {{Can. J. Math.}},
    ISSN = {0008-414X; 1496-4279/e},
    Volume = {65},
    Number = {4},
    Pages = {823--842},
    Year = {2013},
    Publisher = {Canadian Mathematical Society, Ottawa; Canada University of Toronto Press, Toronto},
    Language = {English},
    DOI = {10.4153/CJM-2012-045-3},
    MSC2010 = {13F20 13A15 14C20},
    Zbl = {1317.13046}
}

@Article{zbMATH05246546,
    Author = {Winfried {Bruns}},
    Title = {{On the integral Carath\'eodory property.}},
    FJournal = {{Experimental Mathematics}},
    Journal = {{Exp. Math.}},
    ISSN = {1058-6458; 1944-950X/e},
    Volume = {16},
    Number = {3},
    Pages = {359--365},
    Year = {2007},
    Publisher = {Taylor \& Francis, Philadelphia, PA},
    Language = {English},
    DOI = {10.1080/10586458.2007.10129007},
    MSC2010 = {52B20},
    Zbl = {1161.52009}
}

%%%%%%%%%%%%%%%%%%%%%%% swmath 14.09.16


@Article{zbMATH06517677,
    Author = {Luis {Goddyn} and Tony {Huynh} and Tanmay {Deshpande}},
    Title = {{On Hilbert bases of cuts.}},
    FJournal = {{Discrete Mathematics}},
    Journal = {{Discrete Math.}},
    ISSN = {0012-365X},
    Volume = {339},
    Number = {2},
    Pages = {721--728},
    Year = {2016},
    Publisher = {Elsevier (North-Holland), Amsterdam},
    Language = {English},
    DOI = {10.1016/j.disc.2015.09.021},
    MSC2010 = {05C70 90C27},
    Zbl = {1327.05271}
}

@Article{zbMATH06517844,
    Author = {Johannes {Rauh} and Seth {Sullivant}},
    Title = {{Lifting Markov bases and higher codimension toric fiber products.}},
    FJournal = {{Journal of Symbolic Computation}},
    Journal = {{J. Symb. Comput.}},
    ISSN = {0747-7171},
    Volume = {74},
    Pages = {276--307},
    Year = {2016},
    Publisher = {Elsevier (Academic Press), London},
    Language = {English},
    DOI = {10.1016/j.jsc.2015.07.003},
    MSC2010 = {11P21 13P10 52B20 90C10 13E15}
}

@Article{zbMATH06451114,
    Author = {Tristram {Bogart} and Christian {Haase} and Milena {Hering} and Benjamin {Lorenz} and Benjamin {Nill} and Andreas {Paffenholz} and G\"unter {Rote} and Francisco {Santos} and Hal {Schenck}},
    Title = {{Finitely many smooth $d$-polytopes with $n$ lattice points.}},
    FJournal = {{Israel Journal of Mathematics}},
    Journal = {{Isr. J. Math.}},
    ISSN = {0021-2172; 1565-8511/e},
    Volume = {207},
    Pages = {301--329},
    Year = {2015},
    Publisher = {Springer, Berlin/Heidelberg; Hebrew University Magnes Press, Jerusalem},
    Language = {English},
    DOI = {10.1007/s11856-015-1175-7},
    MSC2010 = {52B20 14M25},
    Zbl = {1327.52020}
}

@Article{zbMATH06454816,
    Author = {Winfried {Bruns}},
    Title = {{Binomial regular sequences and free sums.}},
    FJournal = {{Acta Mathematica Vietnamica}},
    Journal = {{Acta Math. Vietnam.}},
    ISSN = {0251-4184; 2315-4144/e},
    Volume = {40},
    Number = {1},
    Pages = {71--83},
    Year = {2015},
    Publisher = {Springer, Singapore; Vietnam Academy of Science and Technology (VAST), Institute of Mathematics, Hanoi},
    Language = {English},
    DOI = {10.1007/s40306-015-0113-4},
    MSC2010 = {52B20 13F20 14M25},
    Zbl = {1323.52006}
}

@Article{zbMATH06526992,
    Author = {Rolf {Kappl} and Hans Peter {Nilles} and Matthias {Schmitz}},
    Title = {{$R$ symmetries and a heterotic MSSM.}},
    FJournal = {{Nuclear Physics. B}},
    Journal = {{Nucl. Phys., B}},
    ISSN = {0550-3213},
    Volume = {891},
    Pages = {482--498},
    Year = {2015},
    Publisher = {Elsevier (North-Holland), Amsterdam},
    Language = {English},
    DOI = {10.1016/j.nuclphysb.2014.12.020},
    MSC2010 = {81V22 81R05 14D21},
    Zbl = {1328.81255}
}

@Article{zbMATH06428162,
    Author = {Kaie {Kubjas}},
    Title = {{Low degree minimal generators of phylogenetic semigroups.}},
    FJournal = {{European Journal of Mathematics}},
    Journal = {{Eur. J. Math.}},
    ISSN = {2199-675X; 2199-6768/e},
    Volume = {1},
    Number = {1},
    Pages = {2--24},
    Year = {2015},
    Publisher = {Springer, New York, NY},
    Language = {English},
    DOI = {10.1007/s40879-014-0011-7},
    MSC2010 = {20M14 14M25 52B20 13P25 14D21}
}

@Article{zbMATH06493636,
    Author = {Tobias {Rossmann}},
    Title = {{Computing topological zeta functions of groups, algebras, and modules. II.}},
    FJournal = {{Journal of Algebra}},
    Journal = {{J. Algebra}},
    ISSN = {0021-8693},
    Volume = {444},
    Pages = {567--605},
    Year = {2015},
    Publisher = {Elsevier (Academic Press), San Diego, CA},
    Language = {English},
    DOI = {10.1016/j.jalgebra.2015.07.039},
    MSC2010 = {14G10 11M41 14M25 20E07 20F69},
    Zbl = {1329.14053}
}

@Article{zbMATH06470958,
    Author = {Zach {Teitler}},
    Title = {{Software for multiplier ideals.}},
    FJournal = {{The Journal of Software for Algebra and Geometry [electronic only]}},
    Journal = {{J. Softw. Algebra Geom.}},
    ISSN = {1948-7916/e},
    Volume = {7},
    Pages = {1--8},
    Year = {2015},
    Publisher = {Mathematical Sciences Publishers (MSP), Berkeley, CA},
    Language = {English},
    DOI = {10.2140/jsag.2015.7.1},
    MSC2010 = {14Q99 14F18 13A15 13P25},
    Zbl = {1342.14123}
}

@Article{zbMATH06406850,
    Author = {Leen {Van Langenhoven} and Willem {Veys}},
    Title = {{Semigroup and Poincar\'e series for a finite set of divisorial valuations.}},
    FJournal = {{Revista Matem\'atica Complutense}},
    Journal = {{Rev. Mat. Complut.}},
    ISSN = {1139-1138; 1988-2807/e},
    Volume = {28},
    Number = {1},
    Pages = {191--225},
    Year = {2015},
    Publisher = {Springer, Milan; Universidad Complutense, Facultad de Matem\'aticas, Madrid},
    Language = {English},
    DOI = {10.1007/s13163-014-0159-1},
    MSC2010 = {13A18 13D40},
    Zbl = {1311.13006}
}

@InCollection{zbMATH06341336,
    Author = {John {Abbott} and Anna Maria {Bigatti}},
    Title = {{What is new in CoCoA?}},
    BookTitle = {{Mathematical software -- ICMS 2014. 4th international congress, Seoul, South Korea, August 5--9, 2014. Proceedings}},
    ISBN = {978-3-662-44198-5/pbk},
    Pages = {352--358},
    Year = {2014},
    Publisher = {Berlin: Springer},
    Language = {English},
    DOI = {10.1007/978-3-662-44199-2_55},
    MSC2010 = {65Yxx 68W30}
}

@Article{zbMATH06299286,
    Author = {David {Haws} and Abraham Mart\'{\i}n {del Campo} and Akimichi {Takemura} and Ruriko {Yoshida}},
    Title = {{Markov degree of the three-state toric homogeneous Markov chain model.}},
    FJournal = {{Beitr\"age zur Algebra und Geometrie}},
    Journal = {{Beitr. Algebra Geom.}},
    ISSN = {0138-4821; 2191-0383/e},
    Volume = {55},
    Number = {1},
    Pages = {161--188},
    Year = {2014},
    Publisher = {Springer, Berlin/Heidelberg},
    Language = {English},
    DOI = {10.1007/s13366-013-0178-y},
    MSC2010 = {62H17}
}

@Article{zbMATH06406358,
    Author = {Katrin {Herr} and Thomas {Rehn} and Achill {Sch\"urmann}},
    Title = {{On lattice-free orbit polytopes.}},
    FJournal = {{Discrete \& Computational Geometry}},
    Journal = {{Discrete Comput. Geom.}},
    ISSN = {0179-5376; 1432-0444/e},
    Volume = {53},
    Number = {1},
    Pages = {144--172},
    Year = {2014},
    Publisher = {Springer US, New York, NY},
    Language = {English},
    DOI = {10.1007/s00454-014-9638-x},
    MSC2010 = {52B15 90C10 20C99},
    Zbl = {1325.52010}
}

@Article{zbMATH06289365,
    Author = {Hiram H. {L\'opez} and Rafael H. {Villarreal}},
    Title = {{Computing the degree of a lattice ideal of dimension one.}},
    FJournal = {{Journal of Symbolic Computation}},
    Journal = {{J. Symb. Comput.}},
    ISSN = {0747-7171},
    Volume = {65},
    Pages = {15--28},
    Year = {2014},
    Publisher = {Elsevier (Academic Press), London},
    Language = {English},
    DOI = {10.1016/j.jsc.2014.01.002},
    MSC2010 = {13F20 13D40},
    Zbl = {1322.13009}
}

@InCollection{zbMATH06241545,
    Author = {Benjamin A. {Burton}},
    Title = {{Computational topology with Regina: algorithms, heuristics and implementations.}},
    BookTitle = {{Geometry and topology down under. A conference in honour of Hyam Rubinstein, Melbourne, Australia, July 11--22, 2011. Proceedings}},
    ISBN = {978-0-8218-8480-5/pbk},
    Pages = {195--224},
    Year = {2013},
    Publisher = {Providence, RI: American Mathematical Society (AMS)},
    Language = {English},
    MSC2010 = {57-04 57N10 68W05 57Q15},
    Zbl = {1279.57004}
}

@Article{zbMATH06234577,
    Author = {Ioannis Z. {Emiris} and Tatjana {Kalinka} and Christos {Konaxis} and Thang Luu {Ba}},
    Title = {{Implicitization of curves and (hyper)surfaces using predicted support.}},
    FJournal = {{Theoretical Computer Science}},
    Journal = {{Theor. Comput. Sci.}},
    ISSN = {0304-3975},
    Volume = {479},
    Pages = {81--98},
    Year = {2013},
    Publisher = {Elsevier, Amsterdam},
    Language = {English},
    DOI = {10.1016/j.tcs.2012.10.018},
    MSC2010 = {68W30 13P15 14Q05 14Q10},
    Zbl = {1297.68272}
}

@Article{zbMATH06182879,
    Author = {Julio Jos\'e {Moyano-Fern\'andez} and Jan {Uliczka}},
    Title = {{Hilbert depth of graded modules over polynomial rings in two variables.}},
    FJournal = {{Journal of Algebra}},
    Journal = {{J. Algebra}},
    ISSN = {0021-8693},
    Volume = {373},
    Pages = {130--152},
    Year = {2013},
    Publisher = {Elsevier (Academic Press), San Diego, CA},
    Language = {English},
    DOI = {10.1016/j.jalgebra.2012.09.026},
    MSC2010 = {13D40 16W50 20M99},
    Zbl = {1276.13016}
}

@Article{zbMATH06133893,
    Author = {Benjamin {Nill} and Jan {Schepers}},
    Title = {{Gorenstein polytopes and their stringy $E$-functions.}},
    FJournal = {{Mathematische Annalen}},
    Journal = {{Math. Ann.}},
    ISSN = {0025-5831; 1432-1807/e},
    Volume = {355},
    Number = {2},
    Pages = {457--480},
    Year = {2013},
    Publisher = {Springer, Berlin/Heidelberg},
    Language = {English},
    DOI = {10.1007/s00208-012-0792-2},
    MSC2010 = {14M25 52B20 14J32},
    Zbl = {1271.14076}
}

@Article{zbMATH06210400,
    Author = {Jan {Schepers} and Leen {Van Langenhoven}},
    Title = {{Unimodality questions for integrally closed lattice polytopes.}},
    FJournal = {{Annals of Combinatorics}},
    Journal = {{Ann. Comb.}},
    ISSN = {0218-0006; 0219-3094/e},
    Volume = {17},
    Number = {3},
    Pages = {571--589},
    Year = {2013},
    Publisher = {Springer (Birkh\"auser), Basel},
    Language = {English},
    DOI = {10.1007/s00026-013-0185-6},
    MSC2010 = {52B20 05A20 11B68}
}

@Article{zbMATH06053106,
    Author = {Giandomenico {Boffi} and Alessandro {Logar}},
    Title = {{Computing Gr\"obner bases of pure binomial ideals via submodules of $\mathbb Z^n$.}},
    FJournal = {{Journal of Symbolic Computation}},
    Journal = {{J. Symb. Comput.}},
    ISSN = {0747-7171},
    Volume = {47},
    Number = {10},
    Pages = {1297--1308},
    Year = {2012},
    Publisher = {Elsevier (Academic Press), London},
    Language = {English},
    DOI = {10.1016/j.jsc.2011.12.046},
    MSC2010 = {13P10},
    Zbl = {1245.13019}
}

@Article{zbMATH06175355,
    Author = {Jos\'e {Mart\'{\i}nez-Bernal} and Susan {Morey} and Rafael H. {Villarreal}},
    Title = {{Associated primes of powers of edge ideals.}},
    FJournal = {{Collectanea Mathematica}},
    Journal = {{Collect. Math.}},
    ISSN = {0010-0757; 2038-4815/e},
    Volume = {63},
    Number = {3},
    Pages = {361--374},
    Year = {2012},
    Publisher = {Springer, Milan; Universitat de Barcelona, Institut de Matem\`atica, Barcelona},
    Language = {English},
    DOI = {10.1007/s13348-011-0045-9},
    MSC2010 = {13C13 13A30 13F55 05C25 05C75}
}

@Article{zbMATH06051363,
    Author = {Aron {Simis} and Rafael H. {Villarreal}},
    Title = {{Combinatorics of Cremona monomial maps.}},
    FJournal = {{Mathematics of Computation}},
    Journal = {{Math. Comput.}},
    ISSN = {0025-5718; 1088-6842/e},
    Volume = {81},
    Number = {279},
    Pages = {1857--1867},
    Year = {2012},
    Publisher = {American Mathematical Society (AMS), Providence, RI},
    Language = {English},
    DOI = {10.1090/S0025-5718-2011-02556-1},
    MSC2010 = {14E05 14E07 15B51 15B36},
    Zbl = {1259.14010}
}

@Article{zbMATH06125730,
    Author = {Bernd {Sturmfels} and Volkmar {Welker}},
    Title = {{Commutative algebra of statistical ranking.}},
    FJournal = {{Journal of Algebra}},
    Journal = {{J. Algebra}},
    ISSN = {0021-8693},
    Volume = {361},
    Pages = {264--286},
    Year = {2012},
    Publisher = {Elsevier (Academic Press), San Diego, CA},
    Language = {English},
    DOI = {10.1016/j.jalgebra.2012.03.028},
    MSC2010 = {13P25},
    Zbl = {1316.13042}
}


@Article{zbMATH06475132,
    Author = {Luis A. {Dupont} and Rafael H. {Villarreal}},
    Title = {{Algebraic and combinatorial properties of ideals and algebras of uniform clutters of TDI systems.}},
    FJournal = {{Journal of Combinatorial Optimization}},
    Journal = {{J. Comb. Optim.}},
    ISSN = {1382-6905; 1573-2886/e},
    Volume = {21},
    Number = {3},
    Pages = {269--292},
    Year = {2011},
    Publisher = {Springer US, New York, NY},
    Language = {English},
    DOI = {10.1007/s10878-009-9244-7},
    MSC2010 = {05C25 13F20},
    Zbl = {1319.05068}
}

@Article{zbMATH06406712,
    Author = {Michael {Joswig} and Andreas {Paffenholz}},
    Title = {{Defect polytopes and counter-examples with polymake.}},
    FJournal = {{ACM Communications in Computer Algebra}},
    Journal = {{ACM Commun. Comput. Algebra}},
    ISSN = {1932-2232; 1932-2240/e},
    Volume = {45},
    Number = {3-4},
    Pages = {177--179},
    Year = {2011},
    Publisher = {Association for Computing Machinery (ACM), New York, NY},
    Language = {English},
    DOI = {10.1145/2110170.2110177},
    MSC2010 = {68W30 14M25 52B20 52B55},
    Zbl = {1308.68176}
}

@Article{zbMATH06388455,
    Author = {Rolf {Kappl} and Michael {Ratz} and Christian {Staudt}},
    Title = {{The Hilbert basis method for $D$-flat directions and the superpotential.}},
    FJournal = {{Journal of High Energy Physics [electronic only]}},
    Journal = {{J. High Energy Phys.}},
    ISSN = {1126-6708; 1029-8479/e},
    Volume = {2011},
    Number = {10},
    Pages = {12},
    Year = {2011},
    Publisher = {Springer, Berlin/Heidelberg},
    Language = {English},
    DOI = {10.1007/JHEP10(2011)027},
    MSC2010 = {81T30 81T60 81T13 81R05},
    Zbl = {1303.81169}
}

@Article{zbMATH05955036,
    Author = {Benjamin {Nill} and Andreas {Paffenholz}},
    Title = {{Examples of K\"ahler-Einstein toric Fano manifolds associated to non-symmetric reflexive polytopes.}},
    FJournal = {{Beitr\"age zur Algebra und Geometrie}},
    Journal = {{Beitr. Algebra Geom.}},
    ISSN = {0138-4821; 2191-0383/e},
    Volume = {52},
    Number = {2},
    Pages = {297--304},
    Year = {2011},
    Publisher = {Springer, Berlin/Heidelberg},
    Language = {English},
    DOI = {10.1007/s13366-011-0041-y},
    MSC2010 = {14M25 14J45 32Q20 52B20 53C25},
    Zbl = {1225.14042}
}

@Article{zbMATH05786088,
    Author = {Tristram {Bogart} and Annie {Raymond} and Rekha {Thomas}},
    Title = {{Small Chv\'atal rank.}},
    FJournal = {{Mathematical Programming. Series A. Series B}},
    Journal = {{Math. Program.}},
    ISSN = {0025-5610; 1436-4646/e},
    Volume = {124},
    Number = {1-2 (B)},
    Pages = {45--68},
    Year = {2010},
    Publisher = {Springer, Berlin/Heidelberg},
    Language = {English},
    DOI = {10.1007/s10107-010-0370-x},
    MSC2010 = {90C10 90C27 90C57},
    Zbl = {1198.90295}
}


@Article{zbMATH05770521,
    Author = {Gert-Martin {Greuel} and Santiago {Laplagne} and Frank {Seelisch}},
    Title = {{Normalization of rings.}},
    FJournal = {{Journal of Symbolic Computation}},
    Journal = {{J. Symb. Comput.}},
    ISSN = {0747-7171},
    Volume = {45},
    Number = {9},
    Pages = {887--901},
    Year = {2010},
    Publisher = {Elsevier (Academic Press), London},
    Language = {English},
    DOI = {10.1016/j.jsc.2010.04.002},
    MSC2010 = {13B22 13P10 13-04},
    Zbl = {1200.13015}
}

@Article{zbMATH05701977,
    Author = {Hidefumi {Ohsugi}},
    Title = {{Normality of cut polytopes of graphs is a minor closed property.}},
    FJournal = {{Discrete Mathematics}},
    Journal = {{Discrete Math.}},
    ISSN = {0012-365X},
    Volume = {310},
    Number = {6-7},
    Pages = {1160--1166},
    Year = {2010},
    Publisher = {Elsevier (North-Holland), Amsterdam},
    Language = {English},
    DOI = {10.1016/j.disc.2009.11.012},
    MSC2010 = {05C70 05C83 52B10},
    Zbl = {1230.05241}
}

@Article{zbMATH06542681,
    Author = {Hidefumi {Ohsugi} and Takayuki {Hibi}},
    Title = {{Non-very ample configurations arising from contingency tables.}},
    FJournal = {{Annals of the Institute of Statistical Mathematics}},
    Journal = {{Ann. Inst. Stat. Math.}},
    ISSN = {0020-3157; 1572-9052/e},
    Volume = {62},
    Number = {4},
    Pages = {639--644},
    Year = {2010},
    Publisher = {Springer Japan, Tokyo},
    Language = {English},
    DOI = {10.1007/s10463-010-0288-3},
    MSC2010 = {62}
}

@Article{zbMATH06542685,
    Author = {Seth {Sullivant}},
    Title = {{Normal binary graph models.}},
    FJournal = {{Annals of the Institute of Statistical Mathematics}},
    Journal = {{Ann. Inst. Stat. Math.}},
    ISSN = {0020-3157; 1572-9052/e},
    Volume = {62},
    Number = {4},
    Pages = {717--726},
    Year = {2010},
    Publisher = {Springer Japan, Tokyo},
    Language = {English},
    DOI = {10.1007/s10463-010-0296-3},
    MSC2010 = {62}
}

@Book{zbMATH05557090,
    Author = {Winfried {Bruns} and Joseph {Gubeladze}},
    Title = {{Polytopes, rings, and K-theory.}},
    ISBN = {978-0-387-76355-2/hbk; 978-0-387-76356-9/ebook},
    Pages = {xiii + 461},
    Year = {2009},
    Publisher = {New York, NY: Springer},
    Language = {English},
    DOI = {10.1007/b105283},
    MSC2010 = {13-02 19-02 52-02 11D04 11H06 13Fxx 20Mxx 52B20},
    Zbl = {1168.13001}
}

@Article{zbMATH05652983,
    Author = {Anurag K. {Singh} and Irena {Swanson}},
    Title = {{An algorithm for computing the integral closure.}},
    FJournal = {{Algebra \& Number Theory}},
    Journal = {{Algebra Number Theory}},
    ISSN = {1937-0652; 1944-7833/e},
    Volume = {3},
    Number = {5},
    Pages = {587--595},
    Year = {2009},
    Publisher = {Mathematical Sciences Publishers (MSP), Berkeley, CA},
    Language = {English},
    DOI = {10.2140/ant.2009.3.587},
    MSC2010 = {13B22 13P99 13A35},
    Zbl = {1180.13010}
}

@Article{zbMATH05302002,
    Author = {Raymond {Hemmecke} and Jason {Morton} and Anne {Shiu} and Bernd {Sturmfels} and Oliver {Wienand}},
    Title = {{Three counter-examples on semi-graphoids.}},
    FJournal = {{Combinatorics, Probability and Computing}},
    Journal = {{Comb. Probab. Comput.}},
    ISSN = {0963-5483; 1469-2163/e},
    Volume = {17},
    Number = {2},
    Pages = {239--257},
    Year = {2008},
    Publisher = {Cambridge University Press, Cambridge},
    Language = {English},
    DOI = {10.1017/S0963548307008838},
    MSC2010 = {62P99 62G99 68T05 05C62},
    Zbl = {1211.62197}
}

@Article{zbMATH05152745,
    Author = {Isidoro {Gitler} and Carlos E. {Valencia} and Rafael H. {Villarreal}},
    Title = {{A note on Rees algebras and the MFMC property.}},
    FJournal = {{Beitr\"age zur Algebra und Geometrie}},
    Journal = {{Beitr. Algebra Geom.}},
    ISSN = {0138-4821; 2191-0383/e},
    Volume = {48},
    Number = {1},
    Pages = {141--150},
    Year = {2007},
    Publisher = {Springer, Berlin/Heidelberg},
    Language = {English},
    MSC2010 = {13A30 13F20},
    Zbl = {1114.13007}
}

@Book{zbMATH05082631,
    Author = {Irena {Swanson} and Craig {Huneke}},
    Title = {{Integral closure of ideals, rings, and modules.}},
    ISBN = {0-521-68860-4/pbk},
    Pages = {xiv + 431},
    Year = {2006},
    Publisher = {Cambridge: Cambridge University Press},
    Language = {English},
    MSC2010 = {13-02 11-02},
    Zbl = {1117.13001}
}

@Article{zbMATH02235869,
    Author = {Isidoro {Gitler} and Carlos E. {Valencia}},
    Title = {{Multiplicities of edge subrings.}},
    FJournal = {{Discrete Mathematics}},
    Journal = {{Discrete Math.}},
    ISSN = {0012-365X},
    Volume = {302},
    Number = {1-3},
    Pages = {107--123},
    Year = {2005},
    Publisher = {Elsevier (North-Holland), Amsterdam},
    Language = {English},
    DOI = {10.1016/j.disc.2004.07.029},
    MSC2010 = {13H10 13F20 13P10 13H15},
    Zbl = {1092.13032}
}

@Article{zbMATH02220552,
    Author = {Isidoro {Gitler} and Carlos {Valencia} and Rafael H. {Villarreal}},
    Title = {{A note on the Rees algebra of a bipartite graph.}},
    FJournal = {{Journal of Pure and Applied Algebra}},
    Journal = {{J. Pure Appl. Algebra}},
    ISSN = {0022-4049},
    Volume = {201},
    Number = {1-3},
    Pages = {17--24},
    Year = {2005},
    Publisher = {Elsevier (North-Holland), Amsterdam},
    Language = {English},
    DOI = {10.1016/j.jpaa.2004.12.013},
    MSC2010 = {13A30 13F20 52B20 06B99 05C99},
    Zbl = {1081.13002}
}

@InCollection{zbMATH05052241,
    Author = {Tobias {Hirsch}},
    Title = {{Computing the integral closure of an ideal using its Rees algebra.}},
    BookTitle = {{Computational commutative and non-commutative algebraic geometry. Proceedings of the NATO Advanced Research Workshop, Chisinau, Republic of Moldova, June 6--11, 2004}},
    ISBN = {1-58603-505-3/hbk},
    Pages = {145--155},
    Year = {2005},
    Publisher = {Amsterdam: IOS Press},
    Language = {English},
    MSC2010 = {13B22 13P99 13A30},
    Zbl = {1101.13008}
}

@Article{zbMATH02174459,
    Author = {Edwin {O'Shea} and Rekha R. {Thomas}},
    Title = {{Toric initial ideals of $\Delta$-normal configurations: Cohen-Macaulayness and degree bounds.}},
    FJournal = {{Journal of Algebraic Combinatorics}},
    Journal = {{J. Algebr. Comb.}},
    ISSN = {0925-9899; 1572-9192/e},
    Volume = {21},
    Number = {3},
    Pages = {247--268},
    Year = {2005},
    Publisher = {Springer US, New York, NY},
    Language = {English},
    DOI = {10.1007/s10801-005-6910-4},
    MSC2010 = {13P10 14M25 13C14},
    Zbl = {1082.13017}
}

@Article{zbMATH02235878,
    Author = {Rafael H. {Villarreal}},
    Title = {{Normality of semigroups with some links to graph theory.}},
    FJournal = {{Discrete Mathematics}},
    Journal = {{Discrete Math.}},
    ISSN = {0012-365X},
    Volume = {302},
    Number = {1-3},
    Pages = {267--284},
    Year = {2005},
    Publisher = {Elsevier (North-Holland), Amsterdam},
    Language = {English},
    DOI = {10.1016/j.disc.2004.07.038},
    MSC2010 = {20M14 05C50 05C70 20M20 15A30},
    Zbl = {1103.20058}
}

@Article{zbMATH02006004,
    Author = {Cesar A. {Escobar} and Jos\'e {Mart\'{\i}nez-Bernal} and Rafael H. {Villarreal}},
    Title = {{Relative volumes and minors in monomial subrings.}},
    FJournal = {{Linear Algebra and its Applications}},
    Journal = {{Linear Algebra Appl.}},
    ISSN = {0024-3795},
    Volume = {374},
    Pages = {275--290},
    Year = {2003},
    Publisher = {Elsevier (North-Holland), New York, NY},
    Language = {English},
    DOI = {10.1016/S0024-3795(03)00612-8},
    MSC2010 = {52B20 13H10 13F20 13B22},
    Zbl = {1051.52008}
}

@InCollection{zbMATH02156369,
    Author = {Rafael H. {Villarreal}},
    Title = {{Monomial algebras and polyhedral geometry.}},
    BookTitle = {{Handbook of algebra. Volume 3}},
    ISBN = {0-444-51264-0/hbk},
    Pages = {257--314},
    Year = {2003},
    Publisher = {Amsterdam: Elsevier},
    Language = {English},
    MSC2010 = {13F55 13A02 13D40 13D45 13H10},
    Zbl = {1109.13018}
}

@InCollection{zbMATH01693053,
    Author = {Michael {Stillman} and Bernd {Sturmfels} and Rekha {Thomas}},
    Title = {{Algorithms for the toric Hilbert scheme.}},
    BookTitle = {{Computations in algebraic geometry with Macaulay 2}},
    ISBN = {3-540-42230-7/hbk; 978-3-642-07592-6/pbk; 978-3-662-04851-1/ebook},
    Pages = {179--214},
    Year = {2002},
    Publisher = {Berlin: Springer},
    Language = {English},
    MSC2010 = {14Q15 14C05 14-04 68W30},
    Zbl = {0994.14036}
}

@Article{zbMATH01115992,
    Author = {Aron {Simis} and Wolmer V. {Vasconcelos} and Rafael H. {Villarreal}},
    Title = {{The integral closure of subrings associated to graphs.}},
    FJournal = {{Journal of Algebra}},
    Journal = {{J. Algebra}},
    ISSN = {0021-8693},
    Volume = {199},
    Number = {1},
    Pages = {281--289, art. no. ja977171},
    Year = {1998},
    Publisher = {Elsevier (Academic Press), San Diego, CA},
    Language = {English},
    DOI = {10.1006/jabr.1997.7171},
    MSC2010 = {13B22 13F20},
    Zbl = {0902.13004}
}

@Article{zbMATH05509904,
    Author = {Alin {\c Stefan}},
    Title = {{The cones associated to some transversal polymatroids.}},
    FJournal = {{Analele \c{S}tiin\c{t}ifice ale Universit\u{a}\c{t}ii ``Ovidius'' Constan\c{t}a. Seria: Matematic\u{a}}},
    Journal = {{An. \c{S}tiin\c{t}. Univ. ``Ovidius'' Constan\c{t}a, Ser. Mat.}},
    ISSN = {1223-723X; 1224-1784/e},
    Volume = {15},
    Number = {1},
    Pages = {139--158},
    Year = {2007},
    Publisher = {Universitatea ``Ovidius", Constan\c{t}a; De Gruyter Open},
    Language = {English},
    MSC2010 = {05B35 13A30 13H10 13D40},
    Zbl = {1206.05061}
}

%%%%%%%%%%%%%%%%%%%%%% Normaliz-Algorithmus benutzt in

@Article{zbMATH01287586,
    Author = {Winfried {Bruns} and Joseph {Gubeladze}},
    Title = {{Normality and covering properties of affine semigroups.}},
    FJournal = {{Journal f\"ur die Reine und Angewandte Mathematik}},
    Journal = {{J. Reine Angew. Math.}},
    ISSN = {0075-4102; 1435-5345/e},
    Volume = {510},
    Pages = {161--178},
    Year = {1999},
    Publisher = {De Gruyter, Berlin},
    Language = {English},
    DOI = {10.1515/crll.1999.044},
    MSC2010 = {20M14 52B20},
    Zbl = {0937.20036}
}

%%%%%%%%%%%%%% Aus MR

@incollection {MR2721537,
    AUTHOR = {Joswig, Michael and M{\"u}ller, Benjamin and Paffenholz,
              Andreas},
     TITLE = {{\tt polymake} and lattice polytopes},
 BOOKTITLE = {21st {I}nternational {C}onference on {F}ormal {P}ower {S}eries
              and {A}lgebraic {C}ombinatorics ({FPSAC} 2009)},
    SERIES = {Discrete Math. Theor. Comput. Sci. Proc., AK},
     PAGES = {491--502},
 PUBLISHER = {Assoc. Discrete Math. Theor. Comput. Sci., Nancy},
      YEAR = {2009},
   MRCLASS = {52B55 (05B20)},
  MRNUMBER = {2721537},
}

@article {MR3016421,
    AUTHOR = {Kubjas, Kaie},
     TITLE = {Hilbert polynomial of the {K}imura 3-parameter model},
   JOURNAL = {J. Algebr. Stat.},
  FJOURNAL = {Journal of Algebraic Statistics},
    VOLUME = {3},
      YEAR = {2012},
    NUMBER = {1},
     PAGES = {64--69},
      ISSN = {1309-3452},
   MRCLASS = {52B20 (13P25)},
  MRNUMBER = {3016421},
MRREVIEWER = {Enrique Reyes},
       DOI = {10.18409/jas.v3i1.16},
       URL = {http://dx.doi.org/10.18409/jas.v3i1.16},
}

@incollection {MR3252293,
    AUTHOR = {Aliev, Iskander and De Loera, Jes{\'u}s A. and Louveaux,
              Quentin},
     TITLE = {Integer programs with prescribed number of solutions and a
              weighted version of {D}oignon-{B}ell-{S}carf's theorem},
 BOOKTITLE = {Integer programming and combinatorial optimization},
    SERIES = {Lecture Notes in Comput. Sci.},
    VOLUME = {8494},
     PAGES = {37--51},
 PUBLISHER = {Springer, Cham},
      YEAR = {2014},
   MRCLASS = {90C10 (90C57)},
  MRNUMBER = {3252293},
       DOI = {10.1007/978-3-319-07557-0_4},
       URL = {http://dx.doi.org/10.1007/978-3-319-07557-0_4},
}

@book {MR2711507,
    AUTHOR = {Morton, Jason Ryder},
     TITLE = {Geometry of conditional independence},
      NOTE = {Thesis (Ph.D.)--University of California, Berkeley},
 PUBLISHER = {ProQuest LLC, Ann Arbor, MI},
      YEAR = {2007},
     PAGES = {131},
      ISBN = {978-0549-52909-5},
   MRCLASS = {Thesis},
  MRNUMBER = {2711507},
       URL =
              {http://gateway.proquest.com/openurl?url_ver=Z39.88-2004&rft_val_fmt=info:ofi/fmt:kev:mtx:dissertation&res_dat=xri:pqdiss&rft_dat=xri:pqdiss:3306264},
}

@incollection {MR2882681,
    AUTHOR = {Mart{\'{\i}}nez-Bernal, Jos{\'e} and
              Renter{\'{\i}}a-M{\'a}rquez, Carlos and Villarreal, Rafael H.},
     TITLE = {Combinatorics of symbolic {R}ees algebras of edge ideals of
              clutters},
 BOOKTITLE = {Commutative algebra and its connections to geometry},
    SERIES = {Contemp. Math.},
    VOLUME = {555},
     PAGES = {151--164},
 PUBLISHER = {Amer. Math. Soc., Providence, RI},
      YEAR = {2011},
   MRCLASS = {13A30 (13F20)},
  MRNUMBER = {2882681},
MRREVIEWER = {David E. Rush},
       DOI = {10.1090/conm/555/10984},
       URL = {http://dx.doi.org/10.1090/conm/555/10984},
}

@article {MR3016420,
    AUTHOR = {Donten-Bury, Maria and Micha{\l}ek, Mateusz},
     TITLE = {Phylogenetic invariants for group-based models},
   JOURNAL = {J. Algebr. Stat.},
  FJOURNAL = {Journal of Algebraic Statistics},
    VOLUME = {3},
      YEAR = {2012},
    NUMBER = {1},
     PAGES = {44--63},
      ISSN = {1309-3452},
   MRCLASS = {52B20 (13P25)},
  MRNUMBER = {3016420},
       DOI = {10.18409/jas.v3i1.15},
       URL = {http://dx.doi.org/10.18409/jas.v3i1.15},
}


@Book{zbMATH05934474,
	Author = {David A. {Cox} and John B. {Little} and Henry K. {Schenck}},
	Title = {{Toric varieties.}},
	ISBN = {978-0-8218-4819-7/hbk},
	Pages = {xxiv + 841},
	Year = {2011},
	Publisher = {Providence, RI: American Mathematical Society (AMS)},
	Language = {English},
	MSC2010 = {14-01 14M25 14C17 14C15},
	Zbl = {1223.14001}
}

@Book{zbMATH06135816,
    Author = {Jes\'us A. {De Loera} and Raymond {Hemmecke} and Matthias {K\"oppe}},
    Title = {{Algebraic and geometric ideas in the theory of discrete optimization.}},
    ISBN = {978-1-611972-43-6/pbk; ISBN 978-1-61197-244-3/ebook},
    Pages = {xix + 322},
    Year = {2013},
    Publisher = {Philadelphia, PA: Society for Industrial and Applied Mathematics (SIAM)},
    Language = {English},
    MSC2010 = {90-02 90C10 14Q99}
}

@InCollection{zbMATH02209709,
	Author = {Maya {Ahmed} and {De Loera Jes\'us} and Raymond {Hemmecke}},
	Title = {{Polyhedral cones of magic cubes and squares.}},
	BookTitle = {{Discrete and computational geometry. The Goodman-Pollack Festschrift}},
	ISBN = {3-540-00371-1/hbk},
	Pages = {25--41},
	Year = {2003},
	Publisher = {Berlin: Springer},
	Language = {English},
	MSC2010 = {52B55 90C48},
	Zbl = {1077.52506}
}

@InCollection{zbMATH01860733,
	Author = {Raymond {Hemmecke}},
	Title = {{On the computation of Hilbert bases of cones.}},
	BookTitle = {{Mathematical software. Proceedings of the 1st international congress, Beijing, China, August 17--19, 2002}},
	ISBN = {981-238-048-5},
	Pages = {307--317},
	Year = {2002},
	Publisher = {Singapore: World Scientific},
	Language = {English},
	MSC2010 = {11Y40},
	Zbl = {1191.11037}
}

@InCollection{zbMATH01860732,
	Author = {Jes\'us A. {De Loera}},
	Title = {{Generating functions that count $t$-designs with given automorphism group: algorithms and structure.}},
	BookTitle = {{Mathematical software. Proceedings of the 1st international congress, Beijing, China, August 17--19, 2002}},
	ISBN = {981-238-048-5},
	Pages = {296--306},
	Year = {2002},
	Publisher = {Singapore: World Scientific},
	Language = {English},
	MSC2010 = {68W30 05A15 05B05 05B30},
	Zbl = {1057.68137}
}

@Article{zbMATH02055166,
	Author = {Serkan {Ho\c sten} and Rekha R. {Thomas}},
	Title = {{Gomory integer programs.}},
	FJournal = {{Mathematical Programming. Series A. Series B}},
	Journal = {{Math. Program.}},
	ISSN = {0025-5610; 1436-4646/e},
	Volume = {96},
	Number = {2 (B)},
	Pages = {271--292},
	Year = {2003},
	Publisher = {Springer, Berlin/Heidelberg},
	Language = {English},
	DOI = {10.1007/s10107-003-0386-6},
	MSC2010 = {90C10 52B20},
	Zbl = {1082.90068}
}

@Article{zbMATH01747976,
	Author = {Winfried {Bruns} and Joseph {Gubeladze} and {Ng\^o Vi\^et Trung}},
	Title = {{Problems and algorithms for affine semigroups.}},
	FJournal = {{Semigroup Forum}},
	Journal = {{Semigroup Forum}},
	ISSN = {0037-1912; 1432-2137/e},
	Volume = {64},
	Number = {2},
	Pages = {180--212},
	Year = {2002},
	Publisher = {Springer US, New York, NY},
	Language = {English},
	DOI = {10.1007/s002330010099},
	MSC2010 = {20M14 13P10 20M25 52B20},
	Zbl = {1018.20048}
}

@Book{zbMATH02173740,
	Author = {Wolmer {Vasconcelos}},
	Title = {{Integral closure. Rees algebras, multiplicities, algorithms.}},
	ISBN = {3-540-25540-0},
	Pages = {xii + 519},
	Year = {2005},
	Publisher = {Berlin: Springer},
	Language = {English},
	MSC2010 = {13B22 13-02 13D40 13C14 13A30},
	Zbl = {1082.13006}
}

@Article{zbMATH01964739,
	Author = {Les {Reid} and Leslie G. {Roberts} and Marie A. {Vitulli}},
	Title = {{Some results on normal homogeneous ideals.}},
	FJournal = {{Communications in Algebra}},
	Journal = {{Commun. Algebra}},
	ISSN = {0092-7872; 1532-4125/e},
	Volume = {31},
	Number = {9},
	Pages = {4485--4506},
	Year = {2003},
	Publisher = {Taylor \& Francis, Philadelphia, PA},
	Language = {English},
	DOI = {10.1081/AGB-120022805},
	MSC2010 = {13B22 13F20 13A02 13A15},
	Zbl = {1021.13008}
}

@InCollection{zbMATH02084924,
	Author = {D. {Delfino} and A. {Taylor} and W.V. {Vasconcelos} and N. {Weininger} and R.H. {Villarreal}},
	Title = {{Monomial ideals and the computation of multiplicities.}},
	BookTitle = {{Commutative ring theory and applications. Proceedings of the fourth international conference, Fez, Morocco, June 7-12, 2001}},
	ISBN = {0-8247-0855-5/pbk},
	Pages = {87--106},
	Year = {2003},
	Publisher = {New York, NY: Marcel Dekker},
	Language = {English},
	MSC2010 = {13B22 13F20 13P10},
	Zbl = {1066.13004}
}

@InCollection{zbMATH01996413,
	Author = {Marie A. {Vitulli}},
	Title = {{Some normal monomial ideals.}},
	BookTitle = {{Topics in algebraic and noncommutative geometry. Proceedings in memory of Ruth Michler, Luminy, France, July 20--22, 2001 and Annapolis, MD, USA, October 25--28, 2001}},
	ISBN = {0-8218-3209-3/pbk},
	Pages = {205--217},
	Year = {2003},
	Publisher = {Providence, RI: American Mathematical Society (AMS)},
	Language = {English},
	MSC2010 = {13B22 13A02 14M05 13A30 13F20 13A15},
	Zbl = {1038.13006}
}

@Article{zbMATH02220562,
	Author = {Winfried {Bruns} and Gaetana {Restuccia}},
	Title = {{Canonical modules of Rees algebras.}},
	FJournal = {{Journal of Pure and Applied Algebra}},
	Journal = {{J. Pure Appl. Algebra}},
	ISSN = {0022-4049},
	Volume = {201},
	Number = {1-3},
	Pages = {189--203},
	Year = {2005},
	Publisher = {Elsevier (North-Holland), Amsterdam},
	Language = {English},
	DOI = {10.1016/j.jpaa.2004.12.017},
	MSC2010 = {13A30 13B22 13C20 13C40},
	Zbl = {1115.13007}
}

@Article{zbMATH05542209,
	Author = {Marie A. {Vitulli}},
	Title = {{Serre's condition R$_{\ell }$ for affine semigroup rings.}},
	FJournal = {{Communications in Algebra}},
	Journal = {{Commun. Algebra}},
	ISSN = {0092-7872; 1532-4125/e},
	Volume = {37},
	Number = {3},
	Pages = {743--756},
	Year = {2009},
	Publisher = {Taylor \& Francis, Philadelphia, PA},
	Language = {English},
	DOI = {10.1080/00927870802231262},
	MSC2010 = {13A02 13A30 13F55 13B22},
	Zbl = {1170.13002}
}

@Article{zbMATH01957110,
	Author = {Carlos E. {Valencia} and Rafael H. {Villarreal}},
	Title = {{Canonical modules of certain edge subrings.}},
	FJournal = {{European Journal of Combinatorics}},
	Journal = {{Eur. J. Comb.}},
	ISSN = {0195-6698},
	Volume = {24},
	Number = {5},
	Pages = {471--487},
	Year = {2003},
	Publisher = {Elsevier (Academic Press), London},
	Language = {English},
	DOI = {10.1016/S0195-6698(03)00058-1},
	MSC2010 = {05C50},
	Zbl = {1027.05063}
}

@Article{zbMATH01997868,
	Author = {Vittoria {Bonanzinga} and Cesar A. {Escobar} and Rafael H. {Villarreal}},
	Title = {{On the normality of Rees algebras associated to totally unimodular matrices.}},
	FJournal = {{Results in Mathematics}},
	Journal = {{Result. Math.}},
	ISSN = {1422-6383; 0378-6218/e},
	Volume = {41},
	Number = {3-4},
	Pages = {258--264},
	Year = {2002},
	Publisher = {Springer (Birkh\"auser), Basel},
	Language = {English},
	DOI = {10.1007/BF03322767},
	MSC2010 = {13A30 13F20 13B22 13C40},
	Zbl = {1078.13503}
}

@Article{zbMATH05566783,
	Author = {Alin {\c Stefan}},
	Title = {{Intersections of base rings associated to transversal polymatroids.}},
	FJournal = {{Bulletin Math\'ematique de la Soci\'et\'e des Sciences Math\'ematiques de Roumanie. Nouvelle S\'erie}},
	Journal = {{Bull. Math. Soc. Sci. Math. Roum., Nouv. S\'er.}},
	ISSN = {1220-3874},
	Volume = {52},
	Number = {1},
	Pages = {79--86},
	Year = {2009},
	Publisher = {Romanian Mathematical Society (Societatea de \c{S}tiin\c{t}e Matematice din Rom\^ania), Bucharest},
	Language = {English},
	MSC2010 = {13F20 52B40 13H10 14M25},
	Zbl = {1199.13021}
}

@Article{zbMATH06000001,
	Author = {Barbara {Costa} and Aron {Simis}},
	Title = {{Cremona maps defined by monomials.}},
	FJournal = {{Journal of Pure and Applied Algebra}},
	Journal = {{J. Pure Appl. Algebra}},
	ISSN = {0022-4049},
	Volume = {216},
	Number = {1},
	Pages = {202--215},
	Year = {2012},
	Publisher = {Elsevier (North-Holland), Amsterdam},
	Language = {English},
	DOI = {10.1016/j.jpaa.2011.06.007},
	MSC2010 = {13A30 13B22 14E05 14E07 52B20},
	Zbl = {1239.13006}
}

@Article{zbMATH05541318,
	Author = {Isidoro {Gitler} and Enrique {Reyes} and Rafael H. {Villarreal}},
	Title = {{Blowup algebras of square-free monomial ideals and some links to combinatorial optimization problems.}},
	FJournal = {{Rocky Mountain Journal of Mathematics}},
	Journal = {{Rocky Mt. J. Math.}},
	ISSN = {0035-7596},
	Volume = {39},
	Number = {1},
	Pages = {71--102},
	Year = {2009},
	Publisher = {Rocky Mountain Mathematics Consortium c/o Arizona State University, Tempe, AZ},
	Language = {English},
	DOI = {10.1216/RMJ-2009-39-1-71},
	MSC2010 = {13H10 13F20 13B22 52B20},
	Zbl = {1163.13016}
}

@InCollection{zbMATH02236738,
	Author = {Cesar A. {Escobar} and Rafael H. {Villarreal} and Yuji {Yoshino}},
	Title = {{Torsion freeness and normality of blowup rings of monomial ideals.}},
	BookTitle = {{Commutative algebra: geometric, homological, combinatorial and computational aspects. Papers presented during the conference, Sevilla, Spain, June 18--21, 2003 and the conference on commutative algebra, Lisbon, Portugal, June 23--27, 2003}},
	ISBN = {0-8247-2335-X/pbk},
	Pages = {69--84},
	Year = {2006},
	Publisher = {Boca Raton, FL: Chapman \& Hall/CRC},
	Language = {English},
	MSC2010 = {13A15 13F20 13B02 13A30},
	Zbl = {1097.13002}
}

@Article{zbMATH01896477,
	Author = {Aron {Simis} and Rafael H. {Villarreal}},
	Title = {{Constraints for the normality of monomial subrings and birationality.}},
	FJournal = {{Proceedings of the American Mathematical Society}},
	Journal = {{Proc. Am. Math. Soc.}},
	ISSN = {0002-9939; 1088-6826/e},
	Volume = {131},
	Number = {7},
	Pages = {2043--2048},
	Year = {2003},
	Publisher = {American Mathematical Society (AMS), Providence, RI},
	Language = {English},
	DOI = {10.1090/S0002-9939-02-06790-4},
	MSC2010 = {13F20 14E05 13H10 14E07 13B22},
	Zbl = {1013.13011}
}

@Article{zbMATH05533864,
	Author = {Joseph P. {Brennan} and Luis A. {Dupont} and Rafael H. {Villarreal}},
	Title = {{Duality, $a$-invariants and canonical modules of rings arising from linear optimization problems.}},
	FJournal = {{Bulletin Math\'ematique de la Soci\'et\'e des Sciences Math\'ematiques de Roumanie. Nouvelle S\'erie}},
	Journal = {{Bull. Math. Soc. Sci. Math. Roum., Nouv. S\'er.}},
	ISSN = {1220-3874},
	Volume = {51},
	Number = {4},
	Pages = {279--305},
	Year = {2008},
	Publisher = {Romanian Mathematical Society (Societatea de \c{S}tiin\c{t}e Matematice din Rom\^ania), Bucharest},
	Language = {English},
	MSC2010 = {13H10 13F20 13B22 52B20},
	Zbl = {1199.13026}
}


@Article{zbMATH05281980,
	Author = {Rafael H. {Villarreal}},
	Title = {{Rees algebras and polyhedral cones of ideals of vertex covers of perfect graphs.}},
	FJournal = {{Journal of Algebraic Combinatorics}},
	Journal = {{J. Algebr. Comb.}},
	ISSN = {0925-9899; 1572-9192/e},
	Volume = {27},
	Number = {3},
	Pages = {293--305},
	Year = {2008},
	Publisher = {Springer US, New York, NY},
	Language = {English},
	DOI = {10.1007/s10801-007-0088-x},
	MSC2010 = {13A30 13F20 05C17 52B20 90C27},
	Zbl = {1142.13002}
}

@Article{zbMATH05288821,
	Author = {Rafael H. {Villarreal}},
	Title = {{Normalization of monomial ideals and Hilbert functions.}},
	FJournal = {{Proceedings of the American Mathematical Society}},
	Journal = {{Proc. Am. Math. Soc.}},
	ISSN = {0002-9939; 1088-6826/e},
	Volume = {136},
	Number = {6},
	Pages = {1933--1943},
	Year = {2008},
	Publisher = {American Mathematical Society (AMS), Providence, RI},
	Language = {English},
	DOI = {10.1090/S0002-9939-08-09182-X},
	MSC2010 = {13B22 13D40 13F20},
	Zbl = {1141.13009}
}


%%% Aus ZB

@Article{zbMATH05182718,
    Author = {Jes\'us A. {De Loera} and Raymond {Hemmecke} and Jeremiah {Tauzer} and Ruriko {Yoshida}},
    Title = {{Effective lattice point counting in rational convex polytopes.}},
    FJournal = {{Journal of Symbolic Computation}},
    Journal = {{J. Symb. Comput.}},
    ISSN = {0747-7171},
    Volume = {38},
    Number = {4},
    Pages = {1273--1302},
    Year = {2005},
    Publisher = {Elsevier (Academic Press), London},
    Language = {English},
    DOI = {10.1016/j.jsc.2003.04.003},
    MSC2010 = {52B20 05A15 52C07 68U05 68W30},
    Zbl = {1137.52303}
}

@Article{zbMATH01287587,
    Author = {Winfried {Bruns} and Joseph {Gubeladze} and Martin {Henk} and Alexander {Martin} and Robert {Weismantel}},
    Title = {{A counterexample to an integer analogue of Carath\'eodory's theorem.}},
    FJournal = {{Journal f\"ur die Reine und Angewandte Mathematik}},
    Journal = {{J. Reine Angew. Math.}},
    ISSN = {0075-4102; 1435-5345/e},
    Volume = {510},
    Pages = {179--185},
    Year = {1999},
    Publisher = {De Gruyter, Berlin},
    Language = {English},
    DOI = {10.1515/crll.1999.045},
    MSC2010 = {52C07 90C10},
    Zbl = {0938.52011}
}

%%%%% BibTeX aus Google Scholar

@inproceedings{chaharsooghi2011new,
  title={A new method for variable elimination in systems of inequations},
  author={Chaharsooghi, Farhad Shirani and Emadi, Mohammad Javad and Zamanighomi, Mahdi and Aref, Mohammad Reza},
  booktitle={Information Theory Proceedings (ISIT), 2011 IEEE International Symposium on},
  pages={1215--1219},
  year={2011},
  organization={IEEE}
}

@phdthesis{kappl2011superpotential,
  title={The superpotential in heterotic orbifold GUTs},
  author={Kappl, Rolf},
  year={2011},
  school={Technische Universit{\"a}t M{\"u}nchen}
}

@phdthesis{schmitz2014r,
	title={R-symmetries from the Orbifolded Heterotic String},
	author={Schmitz, Matthias},
	year={2014},
	school={Universität Bonn}
}

@phdthesis{staudt2014neutrino,
  title={Neutrino masses and spontaneously broken flavor symmetries},
  author={Staudt, Christian},
  year={2014},
  school={Technische Universit{\"a}t M{\"u}nchen}
}

@phdthesis{donten2013constructing,
  title={Constructing algebraic varieties via finite group actions},
  author={Donten-Bury, Maria},
  school={University of Warsaw},
  year={2013}
}

@phdthesis{kalinka2013changing,
  title={Changing Representation of Curves and Surfaces: Exact and Approximate Methods.},
  author={Kalinka, Tatjana},
  school={University of Athens},
  year={2013}
}

@phdthesis{cstefan2008classifications,
  title={Classifications of Cohen-Macaulay modules-The base ring associated to a transversal polymatroid},
  author={{\c{S}}tefan, Alin},
  school={Institute of Mathematics of the Romanian Academy},
  year={2008}
}

@article{borowka2015secdec,
  title={SecDec-3.0: numerical evaluation of multi-scale integrals beyond one loop},
  author={Borowka, S and Heinrich, Gudrun and Jones, SP and Kerner, M and Schlenk, J and Zirke, T},
  journal={Computer Physics Communications},
  volume={196},
  pages={470--491},
  year={2015},
  publisher={Elsevier}
}

@phdthesis{ahmed2004algebraic,
  title={Algebraic combinatorics of magic squares},
  author={Ahmed, Maya Mohsin},
  school={University of California, Davis},
  year={2004}
}

@phdthesis{katthan2013algebraic,
  title={Algebraic theory of affine monoids},
  author={Katth{\"a}n, Lukas},
  year={2013},
  school={Philipps-Universit{\"a}t Marburg}
}

@phdthesis{yoshida2004barvinok,
  title={Barvinok's Rational Functions: Algorithms and Applications to Optimization, Statistics, and Algebra},
  author={Yoshida, Ruriko},
  school={University of California at Davis},
  year={2004}
}

@article{alcantar2001equations,
  title={The equations of the cone associated to the Rees algebra of the ideal of square-free k-products},
  author={Alc{\'a}ntar, Adri{\'a}n},
  journal={Morfismos},
  volume={5},
  number={1},
  pages={17--27},
  year={2001}
}

@inproceedings{brandt2016analyzing,
  title={Analyzing the Practical Relevance of Voting Paradoxes via {Ehrhart} Theory, Computer Simulations, and Empirical Data},
  author={Brandt, Felix and Geist, Christian and Strobel, Martin},
  booktitle={Proceedings of the 2016 International Conference on Autonomous Agents \& Multiagent Systems},
  pages={385--393},
  year={2016},
  organization={International Foundation for Autonomous Agents and Multiagent Systems}
}


@phdthesis{valdez2016algebraic,
  title={Algebraic Methods for Parameterized and Cartesian Codes},
  author={Valdez, Hiram Habid L{\'o}pez},
  school={Mexico City},
  year={2016}
}

@phdthesis{dupont2010rees,
  title={Rees algebras, Monomial Subrings and Linear Optimization Problems},
  author={Dupont, Luis A},
  school={Mexico City},
  year={2010}
}

@phdthesis{li2004seminormality,
  title={Seminormality and the Cohen-Macaulay property},
  author={Li, Ping},
  year={2004},
  school={Queen’s University}
}

%%%%%%%%%%%% March 20, 2017

@InCollection{zbMATH06585009,
	Author = {Janko {B\"ohm} and Wolfram {Decker} and Simon {Keicher} and Yue {Ren}},
	Title = {{Current challenges in developing open source computer algebra systems.}},
	BookTitle = {{Mathematical aspects of computer and information sciences. 6th international conference, MACIS 2015, Berlin, Germany, November 11--13, 2015. Revised selected papers}},
	ISBN = {978-3-319-32858-4/pbk; 978-3-319-32859-1/ebook},
	Pages = {3--24},
	Year = {2016},
	Publisher = {Cham: Springer},
	Language = {English},
	DOI = {10.1007/978-3-319-32859-1_1},
	MSC2010 = {68 65}
}

@Article{zbMATH06637721,
	Author = {Mateusz {Micha{\l}ek}},
	Title = {{Finite phylogenetic complexity of $\mathbb{Z}_p$ and invariants for $\mathbb{Z}_3$.}},
	FJournal = {{European Journal of Combinatorics}},
	Journal = {{Eur. J. Comb.}},
	ISSN = {0195-6698},
	Volume = {59},
	Pages = {169--186},
	Year = {2017},
	Publisher = {Elsevier (Academic Press), London},
	Language = {English},
	DOI = {10.1016/j.ejc.2016.08.007},
	MSC2010 = {52B20 13P25 92D15}
}

@Article{zbMATH06640449,
	Author = {Bogdan {Ichim} and Lukas {Katth\"an} and Julio Jos\'e {Moyano-Fern\'andez}},
	Title = {{How to compute the Stanley depth of a module.}},
	FJournal = {{Mathematics of Computation}},
	Journal = {{Math. Comput.}},
	ISSN = {0025-5718; 1088-6842/e},
	Volume = {86},
	Number = {303},
	Pages = {455--472},
	Year = {2017},
	Publisher = {American Mathematical Society (AMS), Providence, RI},
	Language = {English},
	DOI = {10.1090/mcom/3106},
	MSC2010 = {05A18 05E40 16W50},
	Zbl = {1347.05014}
}

@article{assarf2017computing,
	title={Computing convex hulls and counting integer points with polymake},
	author={Assarf, Benjamin and Gawrilow, Ewgenij and Herr, Katrin and Joswig, Michael and Lorenz, Benjamin and Paffenholz, Andreas and Rehn, Thomas},
	journal={Mathematical Programming Computation},
	volume={9},
	number={1},
	pages={1--38},
	year={2017},
	publisher={Springer}
}


@article {MR3584890,
	AUTHOR = {Donten-Bury, Maria and Keicher, Simon},
	TITLE = {Computing resolutions of quotient singularities},
	JOURNAL = {J. Algebra},
	FJOURNAL = {Journal of Algebra},
	VOLUME = {472},
	YEAR = {2017},
	PAGES = {546--572},
	ISSN = {0021-8693},
	MRCLASS = {14E15 (14L24 14Q10 14Q15 14T05)},
	MRNUMBER = {3584890},
	MRREVIEWER = {K. Kiyek},
	DOI = {10.1016/j.jalgebra.2016.10.042},
	URL = {https://doi.org/10.1016/j.jalgebra.2016.10.042},
}

@article {MR3550353,
	AUTHOR = {Boffi, Giandomenico and Logar, Alessandro},
	TITLE = {Border bases for lattice ideals},
	JOURNAL = {J. Symbolic Comput.},
	FJOURNAL = {Journal of Symbolic Computation},
	VOLUME = {79},
	YEAR = {2017},
	NUMBER = {part 1},
	PAGES = {43--56},
	ISSN = {0747-7171},
	MRCLASS = {68R05 (13P10)},
	MRNUMBER = {3550353},
	MRREVIEWER = {G\'{a}bor Hetyei},
	DOI = {10.1016/j.jsc.2016.08.005},
	URL = {https://doi.org/10.1016/j.jsc.2016.08.005},
}

@article {MR3735859,
	AUTHOR = {Olive, Marc},
	TITLE = {About {G}ordan's algorithm for binary forms},
	JOURNAL = {Found. Comput. Math.},
	FJOURNAL = {Foundations of Computational Mathematics. The Journal of the
	Society for the Foundations of Computational Mathematics},
	VOLUME = {17},
	YEAR = {2017},
	NUMBER = {6},
	PAGES = {1407--1466},
	ISSN = {1615-3375},
	MRCLASS = {13A50 (13P10)},
	MRNUMBER = {3735859},
	MRREVIEWER = {Patr\'\i cia Hernandes Baptistelli},
	DOI = {10.1007/s10208-016-9324-x},
	URL = {https://doi.org/10.1007/s10208-016-9324-x},
}

@article {MR2229914,
	AUTHOR = {la Barbiera, Monica and Paratore, Mariafortuna},
	TITLE = {Normality of monomial ideals in two sets of variables},
	JOURNAL = {An. \c{S}tiin\c{t}. Univ. Ovidius Constan\c{t}a Ser. Mat.},
	FJOURNAL = {Universit\u{a}\c{t}ii ``Ovidius'' Constan\c{t}a. Analele \c{S}tiin\c{t}ifice.
	Seria Matematic\u{a}},
	VOLUME = {13},
	YEAR = {2005},
	NUMBER = {2},
	PAGES = {5--14},
	ISSN = {1223-723X},
	MRCLASS = {13F20},
	MRNUMBER = {2229914},
	MRREVIEWER = {Carles Bivi\`a-Ausina},
}

@phdthesis{sanchez2016linear,
	title={Linear Diophantine equations and applications},
	author={S{\'a}nchez-Roselly Navarro, Alfredo},
	year={2016},
	school={Universidad de Granada}
}

@incollection {MR3335565,
	AUTHOR = {Breuer, Felix},
	TITLE = {An invitation to {E}hrhart theory: polyhedral geometry and its
	applications in enumerative combinatorics},
	BOOKTITLE = {Computer algebra and polynomials},
	SERIES = {Lecture Notes in Comput. Sci.},
	VOLUME = {8942},
	PAGES = {1--29},
	PUBLISHER = {Springer, Cham},
	YEAR = {2015},
	MRCLASS = {05-02 (05Axx 11B75 52B20 90C10 90C57)},
	MRNUMBER = {3335565},
	DOI = {10.1007/978-3-319-15081-9\_1},
	URL = {https://doi.org/10.1007/978-3-319-15081-9_1},
}

@article {MR2394729,
	AUTHOR = {Takemura, Akimichi and Yoshida, Ruriko},
	TITLE = {A generalization of the integer linear infeasibility problem},
	JOURNAL = {Discrete Optim.},
	FJOURNAL = {Discrete Optimization},
	VOLUME = {5},
	YEAR = {2008},
	NUMBER = {1},
	PAGES = {36--52},
	ISSN = {1572-5286},
	MRCLASS = {90C10 (62H17)},
	MRNUMBER = {2394729},
	MRREVIEWER = {Petrica C. Pop},
	DOI = {10.1016/j.disopt.2007.10.004},
	URL = {https://doi.org/10.1016/j.disopt.2007.10.004},
}

@inproceedings{stagliano2009integral,
	title={Integral closure of monomial ideals},
	author={Staglian{\`o}, Paola Lea},
	booktitle={Communications to SIMAI Congress},
	volume={3},
	pages={305--1},
	year={2009}
}

@phdthesis{popescu2016signature,
	title={Signature standard bases over principal ideal rings},
	author={Popescu, Adrian},
	year={2016},
	school={PhD thesis, University of Kaiserslautern}
}

@Book{zbMATH06413064,
	Author = {Rafael H. {Villarreal}},
	Title = {{Monomial algebras.}},
	Edition = {2nd},
	ISBN = {978-1-4822-3469-5/hbk; 978-1-4822-3470-1/ebook},
	Pages = {xviii + 686},
	Year = {2015},
	Publisher = {Boca Raton, FL: CRC Press},
	Language = {English},
	DOI = {10.1201/b18224},
	MSC2010 = {13-02 13F20 13F55 13P10},
	Zbl = {1325.13004}
}

@Article{zbMATH05222077,
	Author = {Alastair {Craw} and Diane {Maclagan} and Rekha R. {Thomas}},
	Title = {{Moduli of McKay quiver representations. II: Gr\"obner basis techniques.}},
	FJournal = {{Journal of Algebra}},
	Journal = {{J. Algebra}},
	ISSN = {0021-8693},
	Volume = {316},
	Number = {2},
	Pages = {514--535},
	Year = {2007},
	Publisher = {Elsevier (Academic Press), San Diego, CA},
	Language = {English},
	DOI = {10.1016/j.jalgebra.2007.02.014},
	MSC2010 = {14M25 13P10 16G20},
	Zbl = {1161.14038}
}

@incollection {MR3565808,
	AUTHOR = {Garc\'{\i}a-S\'{a}nchez, P. A.},
	TITLE = {An overview of the computational aspects of nonunique
	factorization invariants},
	BOOKTITLE = {Multiplicative ideal theory and factorization theory},
	SERIES = {Springer Proc. Math. Stat.},
	VOLUME = {170},
	PAGES = {159--181},
	PUBLISHER = {Springer, [Cham]},
	YEAR = {2016},
	MRCLASS = {20M13 (68W30)},
	MRNUMBER = {3565808},
	DOI = {10.1007/978-3-319-38855-7\_7},
	URL = {https://doi.org/10.1007/978-3-319-38855-7_7},
}

@article {MR3623866,
	AUTHOR = {Bernstein, Daniel Irving and Sullivant, Seth},
	TITLE = {Normal binary hierarchical models},
	JOURNAL = {Exp. Math.},
	FJOURNAL = {Experimental Mathematics},
	VOLUME = {26},
	YEAR = {2017},
	NUMBER = {2},
	PAGES = {153--164},
	ISSN = {1058-6458},
	MRCLASS = {13P25 (05E45 52C07 62H17 90C10)},
	MRNUMBER = {3623866},
	MRREVIEWER = {Ruriko Yoshida},
	DOI = {10.1080/10586458.2016.1142911},
	URL = {https://doi.org/10.1080/10586458.2016.1142911},
}

@article {MR3594558,
	AUTHOR = {Coykendall, Jim and Oman, Greg},
	TITLE = {Factorization theory of root closed monoids of small rank},
	JOURNAL = {Comm. Algebra},
	FJOURNAL = {Communications in Algebra},
	VOLUME = {45},
	YEAR = {2017},
	NUMBER = {7},
	PAGES = {2795--2808},
	ISSN = {0092-7872},
	MRCLASS = {20M14 (20M13)},
	MRNUMBER = {3594558},
	MRREVIEWER = {Karl Auinger},
	DOI = {10.1080/00927872.2016.1233201},
	URL = {https://doi.org/10.1080/00927872.2016.1233201},
}

@article {MR3738153,
	AUTHOR = {R\"{o}mer, Tim and Saeedi Madani, Sara},
	TITLE = {Retracts and algebraic properties of cut algebras},
	JOURNAL = {European J. Combin.},
	FJOURNAL = {European Journal of Combinatorics},
	VOLUME = {69},
	YEAR = {2018},
	PAGES = {214--236},
	ISSN = {0195-6698},
	MRCLASS = {05E15 (14M25 52B20)},
	MRNUMBER = {3738153},
	MRREVIEWER = {Akiyoshi Tsuchiya},
	DOI = {10.1016/j.ejc.2017.11.002},
	URL = {https://doi.org/10.1016/j.ejc.2017.11.002},
}

@incollection {MR3839712,
	AUTHOR = {Micha\l ek, Mateusz},
	TITLE = {Selected topics on toric varieties},
	BOOKTITLE = {The 50th anniversary of {G}r\"{o}bner bases},
	SERIES = {Adv. Stud. Pure Math.},
	VOLUME = {77},
	PAGES = {207--252},
	PUBLISHER = {Math. Soc. Japan, Tokyo},
	YEAR = {2018},
	MRCLASS = {14M25 (13P25 92D15)},
	MRNUMBER = {3839712},
	MRREVIEWER = {Christos Tatakis},
	DOI = {10.2969/aspm/07710207},
	URL = {https://doi.org/10.2969/aspm/07710207},
}

@article {MR3685998,
	AUTHOR = {Olive, M. and Kolev, B. and Auffray, N.},
	TITLE = {A minimal integrity basis for the elasticity tensor},
	JOURNAL = {Arch. Ration. Mech. Anal.},
	FJOURNAL = {Archive for Rational Mechanics and Analysis},
	VOLUME = {226},
	YEAR = {2017},
	NUMBER = {1},
	PAGES = {1--31},
	ISSN = {0003-9527},
	MRCLASS = {74B05 (74A20)},
	MRNUMBER = {3685998},
	MRREVIEWER = {Giuseppe Saccomandi},
	DOI = {10.1007/s00205-017-1127-y},
	URL = {https://doi.org/10.1007/s00205-017-1127-y},
}

@article {MR3782650,
	AUTHOR = {Garc\'\i a-Garc\'\i a, J. I. and Mar\'\i n-Arag\'on, D. and
	Vigneron-Tenorio, A.},
	TITLE = {An extension of {W}ilf's conjecture to affine semigroups},
	JOURNAL = {Semigroup Forum},
	FJOURNAL = {Semigroup Forum},
	VOLUME = {96},
	YEAR = {2018},
	NUMBER = {2},
	PAGES = {396--408},
	ISSN = {0037-1912},
	MRCLASS = {20M14 (11B75)},
	MRNUMBER = {3782650},
	DOI = {10.1007/s00233-017-9906-1},
	URL = {https://doi.org/10.1007/s00233-017-9906-1},
}

@incollection {MR3839710,
	AUTHOR = {Kohl, Florian and Li, Yanxi and Rauh, Johannes and Yoshida,
	Ruriko},
	TITLE = {Semigroups---a computational approach},
	BOOKTITLE = {The 50th anniversary of {G}r\"{o}bner bases},
	SERIES = {Adv. Stud. Pure Math.},
	VOLUME = {77},
	PAGES = {155--170},
	PUBLISHER = {Math. Soc. Japan, Tokyo},
	YEAR = {2018},
	MRCLASS = {11P21 (52B12 90C10)},
	MRNUMBER = {3839710},
	DOI = {10.2969/aspm/07710155},
	URL = {https://doi.org/10.2969/aspm/07710155},
}

@phdthesis{olive2014geometrie,
	title={G{\'e}om{\'e}trie des espaces de tenseurs-Une approche effective appliqu{\'e}e {\`a} la m{\'e}canique des milieux continus},
	author={Olive, Marc},
	year={2014},
	school={Aix Marseille universit{\'e}}
}

@ARTICLE{2016arXiv160103982S,
	author = {{Schlenk}, Johannes and {Zirke}, Tom},
	title = "{Calculation of Multi-Loop Integrals with SecDec-3.0}",
	journal = {arXiv e-prints},
	keywords = {High Energy Physics - Phenomenology},
	year = 2016,
	month = jan,
	eid = {arXiv:1601.03982},
	pages = {arXiv:1601.03982},
	archivePrefix = {arXiv},
	eprint = {1601.03982},
	primaryClass = {hep-ph},
	adsurl = {https://ui.adsabs.harvard.edu/abs/2016arXiv160103982S},
	adsnote = {Provided by the SAO/NASA Astrophysics Data System}
}


@incollection {MR3630610,
	AUTHOR = {Lercier, Reynald and Olive, Marc},
	TITLE = {Covariant algebra of the binary nonic and the binary decimic},
	BOOKTITLE = {Arithmetic, geometry, cryptography and coding theory},
	SERIES = {Contemp. Math.},
	VOLUME = {686},
	PAGES = {65--91},
	PUBLISHER = {Amer. Math. Soc., Providence, RI},
	YEAR = {2017},
	MRCLASS = {13A50 (13P10)},
	MRNUMBER = {3630610},
	MRREVIEWER = {Patr\'\i cia Hernandes Baptistelli},
}

@article {MR3798620,
	AUTHOR = {Bigdeli, Mina and Herzog, J\"urgen and Hibi, Takayuki and
	Qureshi, Ayesha Asloob and Shikama, Akihiro},
	TITLE = {Isotonian algebras},
	JOURNAL = {Nagoya Math. J.},
	FJOURNAL = {Nagoya Mathematical Journal},
	VOLUME = {230},
	YEAR = {2018},
	PAGES = {83--101},
	ISSN = {0027-7630},
	MRCLASS = {13P10 (05E40 06A11 13H10)},
	MRNUMBER = {3798620},
	DOI = {10.1017/nmj.2017.4},
	URL = {https://doi.org/10.1017/nmj.2017.4},
}

@ARTICLE{2010arXiv1001.0514L,
	author = {{Lorenz}, Benjamin},
	title = "{Classification of smooth lattice polytopes with few lattice points}",
	journal = {arXiv e-prints},
	keywords = {Mathematics - Combinatorics, Mathematics - Algebraic Geometry, 52B20 (Primary), 14M25 (Secondary)},
	year = 2010,
	month = jan,
	eid = {arXiv:1001.0514},
	pages = {arXiv:1001.0514},
	archivePrefix = {arXiv},
	eprint = {1001.0514},
	primaryClass = {math.CO},
	adsurl = {https://ui.adsabs.harvard.edu/abs/2010arXiv1001.0514L},
	adsnote = {Provided by the SAO/NASA Astrophysics Data System}
}


@article {MR3666418,
	AUTHOR = {Thiel, Marko and Williams, Nathan},
	TITLE = {Strange expectations and simultaneous cores},
	JOURNAL = {J. Algebraic Combin.},
	FJOURNAL = {Journal of Algebraic Combinatorics. An International Journal},
	VOLUME = {46},
	YEAR = {2017},
	NUMBER = {1},
	PAGES = {219--261},
	ISSN = {0925-9899},
	MRCLASS = {05A17 (05E99)},
	MRNUMBER = {3666418},
	DOI = {10.1007/s10801-017-0754-6},
	URL = {https://doi.org/10.1007/s10801-017-0754-6},
}

@incollection {MR3526430,
	AUTHOR = {Aliev, Iskander and De Loera, Jes\'{u}s A. and Louveaux, Quentin},
	TITLE = {Parametric polyhedra with at least {$k$} lattice points: their
	semigroup structure and the {$k$}-{F}robenius problem},
	BOOKTITLE = {Recent trends in combinatorics},
	SERIES = {IMA Vol. Math. Appl.},
	VOLUME = {159},
	PAGES = {753--778},
	PUBLISHER = {Springer, [Cham]},
	YEAR = {2016},
	MRCLASS = {52C07 (05A15 11D07 11D45 52B12 52B20)},
	MRNUMBER = {3526430},
	MRREVIEWER = {P. McMullen},
	DOI = {10.1007/978-3-319-24298-9\_29},
	URL = {https://doi.org/10.1007/978-3-319-24298-9_29},
}

@article {MR3673578,
	AUTHOR = {Ichim, Bogdan and Moyano-Fern\'{a}ndez, Julio Jos\'{e}},
	TITLE = {On the score sheets of a round-robin football tournament},
	JOURNAL = {Adv. in Appl. Math.},
	FJOURNAL = {Advances in Applied Mathematics},
	VOLUME = {91},
	YEAR = {2017},
	PAGES = {24--43},
	ISSN = {0196-8858},
	MRCLASS = {68R05 (05A15 05C20 05C30 15A39)},
	MRNUMBER = {3673578},
	DOI = {10.1016/j.aam.2017.05.006},
	URL = {https://doi.org/10.1016/j.aam.2017.05.006},
}

@article {MR3894722,
	AUTHOR = {B\"{a}chle, Andreas and Herman, Allen and Konovalov, Alexander and
	Margolis, Leo and Singh, Gurmail},
	TITLE = {The status of the {Z}assenhaus conjecture for small groups},
	JOURNAL = {Exp. Math.},
	FJOURNAL = {Experimental Mathematics},
	VOLUME = {27},
	YEAR = {2018},
	NUMBER = {4},
	PAGES = {431--436},
	ISSN = {1058-6458},
	MRCLASS = {16U60 (16S34 20C05 20C10)},
	MRNUMBER = {3894722},
	MRREVIEWER = {Edson R. O. Iwaki},
	DOI = {10.1080/10586458.2017.1306814},
	URL = {https://doi.org/10.1080/10586458.2017.1306814},
}

@incollection {MR3675721,
	AUTHOR = {Bruns, Winfried and Conca, Aldo},
	TITLE = {Linear resolutions of powers and products},
	BOOKTITLE = {Singularities and computer algebra},
	PAGES = {47--69},
	PUBLISHER = {Springer, Cham},
	YEAR = {2017},
	MRCLASS = {13D02 (13A30 13C40 13P10)},
	MRNUMBER = {3675721},
	MRREVIEWER = {Adela N. Vraciu},
}

@article {MR3623864,
	AUTHOR = {Laso\'{n}, Micha\l  and Micha\l ek, Mateusz},
	TITLE = {Non-normal very ample polytopes---constructions and examples},
	JOURNAL = {Exp. Math.},
	FJOURNAL = {Experimental Mathematics},
	VOLUME = {26},
	YEAR = {2017},
	NUMBER = {2},
	PAGES = {130--137},
	ISSN = {1058-6458},
	MRCLASS = {52B20 (05E40 14M25)},
	MRNUMBER = {3623864},
	MRREVIEWER = {Robert Davis},
	DOI = {10.1080/10586458.2015.1128370},
	URL = {https://doi.org/10.1080/10586458.2015.1128370},
}

@ARTICLE{2017arXiv171205755B,
	author = {{Borowka}, S. and {Heinrich}, G. and {Jahn}, S. and {Jones}, S.~P. and {Kerner}, M. and {Schlenk}, J.},
	title = "{Numerical evaluation of two-loop integrals with pySecDec}",
	journal = {arXiv e-prints},
	keywords = {High Energy Physics - Phenomenology},
	year = 2017,
	month = dec,
	eid = {arXiv:1712.05755},
	pages = {arXiv:1712.05755},
	archivePrefix = {arXiv},
	eprint = {1712.05755},
	primaryClass = {hep-ph},
	adsurl = {https://ui.adsabs.harvard.edu/abs/2017arXiv171205755B},
	adsnote = {Provided by the SAO/NASA Astrophysics Data System}
}



@ARTICLE{2017arXiv170607797K,
	author = {{Kahle}, David and {O'Neill}, Christopher and {Sommars}, Jeff},
	title = "{A computer algebra system for R: Macaulay2 and the m2r package}",
	journal = {arXiv e-prints},
	keywords = {Statistics - Computation, Mathematics - Algebraic Geometry},
	year = 2017,
	month = jun,
	eid = {arXiv:1706.07797},
	pages = {arXiv:1706.07797},
	archivePrefix = {arXiv},
	eprint = {1706.07797},
	primaryClass = {stat.CO},
	adsurl = {https://ui.adsabs.harvard.edu/abs/2017arXiv170607797K},
	adsnote = {Provided by the SAO/NASA Astrophysics Data System}
}

@article {MR3846206,
	AUTHOR = {Castillo, Federico and Liu, Fu and Nill, Benjamin and
	Paffenholz, Andreas},
	TITLE = {Smooth polytopes with negative {E}hrhart coefficients},
	JOURNAL = {J. Combin. Theory Ser. A},
	FJOURNAL = {Journal of Combinatorial Theory. Series A},
	VOLUME = {160},
	YEAR = {2018},
	PAGES = {316--331},
	ISSN = {0097-3165},
	MRCLASS = {52B20},
	MRNUMBER = {3846206},
	MRREVIEWER = {Robert Davis},
	DOI = {10.1016/j.jcta.2018.06.014},
	URL = {https://doi.org/10.1016/j.jcta.2018.06.014},
}

@article {MR3658506,
	AUTHOR = {B\"{a}chle, Andreas and Caicedo, Mauricio},
	TITLE = {On the prime graph question for almost simple groups with an
	alternating socle},
	JOURNAL = {Internat. J. Algebra Comput.},
	FJOURNAL = {International Journal of Algebra and Computation},
	VOLUME = {27},
	YEAR = {2017},
	NUMBER = {3},
	PAGES = {333--347},
	ISSN = {0218-1967},
	MRCLASS = {16U60 (16S34 20C10 20C30)},
	MRNUMBER = {3658506},
	MRREVIEWER = {Zhengxing Li},
	DOI = {10.1142/S0218196717500175},
	URL = {https://doi.org/10.1142/S0218196717500175},
}

@article{borowka2018pysecdec,
	title={{pySecDec:} a toolbox for the numerical evaluation of multi-scale integrals},
	author={Borowka, S and Heinrich, G and Jahn, S and Jones, SP and Kerner, M and Schlenk, J and Zirke, T},
	journal={Computer Physics Communications},
	volume={222},
	pages={313--326},
	year={2018},
	publisher={Elsevier}
}

@incollection {MR3751885,
	AUTHOR = {Hamano, Ginji and Hayashi, Takuji and Hibi, Takayuki and
	Hirayama, Koichi and Ohsugi, Hidefumi and Sato, Kei and
	Shikama, Akihiro and Tsuchiya, Akiyoshi},
	TITLE = {The smallest normal edge polytopes with no regular unimodular
	triangulations},
	BOOKTITLE = {Homological and computational methods in commutative algebra},
	SERIES = {Springer INdAM Ser.},
	VOLUME = {20},
	PAGES = {163--172},
	PUBLISHER = {Springer, Cham},
	YEAR = {2017},
	MRCLASS = {52B20 (05E40 52B12)},
	MRNUMBER = {3751885},
	MRREVIEWER = {Ruriko Yoshida},
}

@incollection {MR3706559,
	AUTHOR = {Epure, Raul and Ren, Yue and Sch\"{o}nemann, Hans},
	TITLE = {The polymake interface in singular and its applications},
	BOOKTITLE = {Computer algebra in scientific computing},
	SERIES = {Lecture Notes in Comput. Sci.},
	VOLUME = {10490},
	PAGES = {109--117},
	PUBLISHER = {Springer, Cham},
	YEAR = {2017},
	MRCLASS = {14Q15 (14B05 68W30)},
	MRNUMBER = {3706559},
	DOI = {10.1007/978-3-319-66320-3\_9},
	URL = {https://doi.org/10.1007/978-3-319-66320-3_9},
}

@article {MR3708045,
	AUTHOR = {Kimmerle, W. and Konovalov, A.},
	TITLE = {On the {G}ruenberg-{K}egel graph of integral group rings of
	finite groups},
	JOURNAL = {Internat. J. Algebra Comput.},
	FJOURNAL = {International Journal of Algebra and Computation},
	VOLUME = {27},
	YEAR = {2017},
	NUMBER = {6},
	PAGES = {619--631},
	ISSN = {0218-1967},
	MRCLASS = {05C25 (16S34 16U60 20C05)},
	MRNUMBER = {3708045},
	MRREVIEWER = {Andreas B\"{a}chle},
	DOI = {10.1142/S0218196717500308},
	URL = {https://doi.org/10.1142/S0218196717500308},
}

@article{emiris2018practical,
	title={Practical polytope volume approximation},
	author={Emiris, Ioannis Z and Fisikopoulos, Vissarion},
	journal={ACM Transactions on Mathematical Software (TOMS)},
	volume={44},
	number={4},
	pages={38},
	year={2018},
	publisher={ACM}
}

@incollection {MR4008333,
	AUTHOR = {Fontana, Roberto and Rapallo, Fabio},
	TITLE = {Unions of orthogonal arrays and their aberrations via
	{H}ilbert bases},
	BOOKTITLE = {New statistical developments in data science},
	SERIES = {Springer Proc. Math. Stat.},
	VOLUME = {288},
	PAGES = {421--434},
	PUBLISHER = {Springer, Cham},
	YEAR = {2019},
	MRCLASS = {62K15 (05A15)},
	MRNUMBER = {4008333},
	MRREVIEWER = {Seth Sullivant},
	DOI = {10.1007/978-3-030-21158-5\_3},
	URL = {https://doi.org/10.1007/978-3-030-21158-5_3},
}

@incollection {MR3792741,
	AUTHOR = {Paffenholz, Andreas},
	TITLE = {{\tt poly{DB}}: a database for polytopes and related objects},
	BOOKTITLE = {Algorithmic and experimental methods in algebra, geometry, and
	number theory},
	PAGES = {533--547},
	PUBLISHER = {Springer, Cham},
	YEAR = {2017},
	MRCLASS = {52-04 (52B20)},
	MRNUMBER = {3792741},
}

@incollection {MR3792735,
	AUTHOR = {Kastner, Lars},
	TITLE = {Toric {E}xt and {T}or in {\tt polymake} and {S}ingular: the
	two-dimensional case and beyond},
	BOOKTITLE = {Algorithmic and experimental methods in algebra, geometry, and
	number theory},
	PAGES = {423--441},
	PUBLISHER = {Springer, Cham},
	YEAR = {2017},
	MRCLASS = {14M25 (14Q15)},
	MRNUMBER = {3792735},
}

@ARTICLE{2018JMP....59g2203S,
	author = {{Seveso}, Luigi and {Goyeneche}, Dardo and {{\.Z}yczkowski}, Karol},
	title = "{Coarse-grained entanglement classification through orthogonal arrays}",
	journal = {Journal of Mathematical Physics},
	keywords = {Mathematics - Combinatorics, Quantum Physics},
	year = 2018,
	month = jul,
	volume = {59},
	number = {7},
	eid = {072203},
	pages = {072203},
	doi = {10.1063/1.5006890},
	archivePrefix = {arXiv},
	eprint = {1709.05916},
	primaryClass = {math.CO},
	adsurl = {https://ui.adsabs.harvard.edu/abs/2018JMP....59g2203S},
	adsnote = {Provided by the SAO/NASA Astrophysics Data System}
}



@ARTICLE{2017arXiv171202087C,
	author = {{Chen}, Yannan and {Hu}, Shenglong and {Qi}, Liqun and {Zou}, Wennan},
	title = "{Irreducible Function Bases of Isotropic Invariants of A Third Order Three-Dimensional Symmetric and Traceless Tensor}",
	journal = {arXiv e-prints},
	keywords = {Mathematical Physics},
	year = 2017,
	month = dec,
	eid = {arXiv:1712.02087},
	pages = {arXiv:1712.02087},
	archivePrefix = {arXiv},
	eprint = {1712.02087},
	primaryClass = {math-ph},
	adsurl = {https://ui.adsabs.harvard.edu/abs/2017arXiv171202087C},
	adsnote = {Provided by the SAO/NASA Astrophysics Data System}
}

@article {MR4245163,
	AUTHOR = {Kohl, Florian and Olsen, McCabe},
	TITLE = {Level algebras and {$s$}-lecture hall polytopes},
	JOURNAL = {Electron. J. Combin.},
	FJOURNAL = {Electronic Journal of Combinatorics},
	VOLUME = {27},
	YEAR = {2020},
	NUMBER = {3},
	PAGES = {Paper No. 3.50, 23},
	MRCLASS = {52B20 (05A17 13H10)},
	MRNUMBER = {4245163},
	DOI = {10.37236/8626},
	URL = {https://doi.org/10.37236/8626},
}

@article {MR3820369,
	AUTHOR = {B\"{a}chle, Andreas and Margolis, Leo},
	TITLE = {He{LP}: a {GAP} package for torsion units in integral group
	rings},
	JOURNAL = {J. Softw. Algebra Geom.},
	FJOURNAL = {Journal of Software for Algebra and Geometry},
	VOLUME = {8},
	YEAR = {2018},
	PAGES = {1--9},
	MRCLASS = {16U60 (16S34 16Z05 20C05)},
	MRNUMBER = {3820369},
	MRREVIEWER = {\'{A}ngel del R\'{\i}o},
	DOI = {10.2140/jsag.2018.8.1},
	URL = {https://doi.org/10.2140/jsag.2018.8.1},
}

@article {MR4022703,
	AUTHOR = {Kim, Donggyun and Kim, Sangjib and Park, Euisung},
	TITLE = {On the structures of hive algebras and tensor product algebras
	for general linear groups of low rank},
	JOURNAL = {Internat. J. Algebra Comput.},
	FJOURNAL = {International Journal of Algebra and Computation},
	VOLUME = {29},
	YEAR = {2019},
	NUMBER = {7},
	PAGES = {1193--1218},
	ISSN = {0218-1967},
	MRCLASS = {20G05 (05E16 13A50)},
	MRNUMBER = {4022703},
	MRREVIEWER = {Anton Cox},
	DOI = {10.1142/s0218196719500462},
	URL = {https://doi.org/10.1142/s0218196719500462},
}

@incollection {MR3839809,
	AUTHOR = {Gimenez, Philippe and Mart\'{\i}nez-Bernal, Jos\'{e} and Simis, Aron
	and Villarreal, Rafael H. and Vivares, Carlos E.},
	TITLE = {Symbolic powers of monomial ideals and {C}ohen-{M}acaulay
	vertex-weighted digraphs},
	BOOKTITLE = {Singularities, algebraic geometry, commutative algebra, and
	related topics},
	PAGES = {491--510},
	PUBLISHER = {Springer, Cham},
	YEAR = {2018},
	MRCLASS = {13F20 (05C20 05C25 13A30)},
	MRNUMBER = {3839809},
	MRREVIEWER = {Elo\'{\i}sa Grifo},
}

@article {MR3681628,
	AUTHOR = {K\"oppe, Matthias and Zhou, Yuan},
	TITLE = {New computer-based search strategies for extreme functions of
	the {G}omory-{J}ohnson infinite group problem},
	JOURNAL = {Math. Program. Comput.},
	FJOURNAL = {Mathematical Programming Computation},
	VOLUME = {9},
	YEAR = {2017},
	NUMBER = {3},
	PAGES = {419--469},
	ISSN = {1867-2949},
	MRCLASS = {90C10},
	MRNUMBER = {3681628},
	MRREVIEWER = {Ruriko Yoshida},
	DOI = {10.1007/s12532-016-0115-9},
	URL = {https://doi.org/10.1007/s12532-016-0115-9},
}

@incollection {MR3706568,
	AUTHOR = {Jing, Rui-Juan and Moreno Maza, Marc},
	TITLE = {Computing the integer points of a polyhedron, {II}:
	{C}omplexity estimates},
	BOOKTITLE = {Computer algebra in scientific computing},
	SERIES = {Lecture Notes in Comput. Sci.},
	VOLUME = {10490},
	PAGES = {242--256},
	PUBLISHER = {Springer, Cham},
	YEAR = {2017},
	MRCLASS = {52B55 (52B20 65Y20 68W30)},
	MRNUMBER = {3706568},
}

@incollection {MR3792719,
	AUTHOR = {B\"{a}chle, Andreas and Kimmerle, Wolfgang and Margolis, Leo},
	TITLE = {Algorithmic aspects of units in group rings},
	BOOKTITLE = {Algorithmic and experimental methods in algebra, geometry, and
	number theory},
	PAGES = {1--22},
	PUBLISHER = {Springer, Cham},
	YEAR = {2017},
	MRCLASS = {20C40 (16S34 16U60 20C05)},
	MRNUMBER = {3792719},
	MRREVIEWER = {Edson R. O. Iwaki},
}

@article {MR3661612,
	AUTHOR = {Flores-M\'{e}ndez, A. and Gitler, I. and Reyes, E.},
	TITLE = {Implosive graphs: square-free monomials on symbolic {R}ees
	algebras},
	JOURNAL = {J. Algebra Appl.},
	FJOURNAL = {Journal of Algebra and its Applications},
	VOLUME = {16},
	YEAR = {2017},
	NUMBER = {8},
	PAGES = {1750145, 23},
	ISSN = {0219-4988},
	MRCLASS = {13A30 (05C25)},
	MRNUMBER = {3661612},
	MRREVIEWER = {Amir Mafi},
	DOI = {10.1142/S0219498817501456},
	URL = {https://doi.org/10.1142/S0219498817501456},
}

@article {MR4261948,
	AUTHOR = {Kiers, Joshua},
	TITLE = {On the saturation conjecture for {${\rm Spin}(2n)$}},
	JOURNAL = {Exp. Math.},
	FJOURNAL = {Experimental Mathematics},
	VOLUME = {30},
	YEAR = {2021},
	NUMBER = {2},
	PAGES = {258--267},
	ISSN = {1058-6458},
	MRCLASS = {57T10 (14N15 20G05 22E46)},
	MRNUMBER = {4261948},
	MRREVIEWER = {Chao-Ping Dong},
	DOI = {10.1080/10586458.2018.1537866},
	URL = {https://doi.org/10.1080/10586458.2018.1537866},
}

@article {MR3804048,
	AUTHOR = {Avis, David and Jordan, Charles},
	TITLE = {{$\sf{mplrs}$}: a scalable parallel vertex/facet enumeration
	code},
	JOURNAL = {Math. Program. Comput.},
	FJOURNAL = {Mathematical Programming Computation},
	VOLUME = {10},
	YEAR = {2018},
	NUMBER = {2},
	PAGES = {267--302},
	ISSN = {1867-2949},
	MRCLASS = {90-04 (05C30 90C10 90C27)},
	MRNUMBER = {3804048},
	DOI = {10.1007/s12532-017-0129-y},
	URL = {https://doi.org/10.1007/s12532-017-0129-y},
}

@incollection {MR3792743,
	AUTHOR = {Rossmann, Tobias},
	TITLE = {A framework for computing zeta functions of groups, algebras,
	and modules},
	BOOKTITLE = {Algorithmic and experimental methods in algebra, geometry, and
	number theory},
	PAGES = {561--586},
	PUBLISHER = {Springer, Cham},
	YEAR = {2017},
	MRCLASS = {11M41 (14-XX 20C15 20F69 33E50)},
	MRNUMBER = {3792743},
}

@article {MR3874805,
	AUTHOR = {Olsen, McCabe},
	TITLE = {Hilbert bases and lecture hall partitions},
	JOURNAL = {Ramanujan J.},
	FJOURNAL = {Ramanujan Journal. An International Journal Devoted to the
	Areas of Mathematics Influenced by Ramanujan},
	VOLUME = {47},
	YEAR = {2018},
	NUMBER = {3},
	PAGES = {509--531},
	ISSN = {1382-4090},
	MRCLASS = {05A17 (05A19 11P21 13A02 13H10 52B11)},
	MRNUMBER = {3874805},
	MRREVIEWER = {Jan \'{S}liwa},
	DOI = {10.1007/s11139-017-9933-2},
	URL = {https://doi.org/10.1007/s11139-017-9933-2},
}

@Article{zbMATH06748766,
	Author = {Felix {Breuer} and Zafeirakis {Zafeirakopoulos}},
	Title = {{Polyhedral omega: a new algorithm for solving linear Diophantine systems.}},
	FJournal = {{Annals of Combinatorics}},
	Journal = {{Ann. Comb.}},
	ISSN = {0218-0006; 0219-3094/e},
	Volume = {21},
	Number = {2},
	Pages = {211--280},
	Year = {2017},
	Publisher = {Springer (Birkh\"auser), Basel},
	Language = {English},
	DOI = {10.1007/s00026-017-0349-x},
	MSC2010 = {11Y50 05A17}
}

@Article{zbMATH06764223,
	Author = {Winfried {Bruns} and Aldo {Conca}},
	Title = {{Products of Borel fixed ideals of maximal minors.}},
	FJournal = {{Advances in Applied Mathematics}},
	Journal = {{Adv. Appl. Math.}},
	ISSN = {0196-8858},
	Volume = {91},
	Pages = {1--23},
	Year = {2017},
	Publisher = {Elsevier (Academic Press), San Diego, CA},
	Language = {English},
	DOI = {10.1016/j.aam.2017.05.007},
	MSC2010 = {13D15 13F50 14M12}
}

@Article{zbMATH06699640,
	Author = {Jiarui {Fei}},
	Title = {{Cluster algebras, invariant theory, and Kronecker coefficients I.}},
	FJournal = {{Advances in Mathematics}},
	Journal = {{Adv. Math.}},
	ISSN = {0001-8708},
	Volume = {310},
	Pages = {1064--1112},
	Year = {2017},
	Publisher = {Elsevier (Academic Press), San Diego, CA},
	Language = {English},
	DOI = {10.1016/j.aim.2017.02.016},
	MSC2010 = {20C30 13F60 16G20 13A50 52B20}
}

@InCollection{zbMATH06872888,
	Author = {Bernd {Sturmfels}},
	Title = {{Fitness, apprenticeship, and polynomials.}},
	BookTitle = {{Combinatorial algebraic geometry. Selected papers from the 2016 apprenticeship program, Ottawa, Canada, July--December 2016}},
	ISBN = {978-1-4939-7485-6/hbk; 978-1-4939-7486-3/ebook},
	Pages = {1--19},
	Year = {2017},
	Publisher = {Toronto: The Fields Institute for Research in the Mathematical Sciences; New York, NY: Springer},
	Language = {English},
	DOI = {10.1007/978-1-4939-7486-3_1},
	MSC2010 = {14Q15 05E40 14-03 01A61 01A60}
}

@Book{zbMATH06776481,
	Editor = {Csaba D. {Toth} and Jacob E. {Goodman} and Joseph {O'Rourke}},
	Title = {{Handbook of discrete and computational geometry. 3rd revised and updated edition.}},
	FJournal = {{Discrete Mathematics and its Applications}},
	Journal = {{Discrete Math. Appl., Boca Raton}},
	Edition = {3rd revised and updated edition},
	ISBN = {978-1-4987-1139-5/hbk; 978-1-4987-1142-5/ebook},
	Pages = {xxi + 1927},
	Year = {2017},
	Publisher = {Boca Raton, FL: CRC Press},
	Language = {English},
	MSC2010 = {52-02 51Exx 65D18 68U05 05B35 11-02 05-02 68-02},
	Zbl = {1375.52001}
}

@Book{zbMATH06596734,
	Author = {Abdallah {Assi} and Pedro A. {Garc\'{\i}a-S\'anchez}},
	Title = {{Numerical semigroups and applications.}},
	ISBN = {978-3-319-41329-7/hbk; 978-3-319-41330-3/ebook},
	Pages = {xiv + 106},
	Year = {2016},
	Publisher = {Cham: Springer},
	Language = {English},
	DOI = {10.1007/978-3-319-41330-3},
	MSC2010 = {20-01 20M14 20M05 13F25 14H50 14G50 20-04 14-04},
	Zbl = {1368.20001}
}

@Article{zbMATH06621063,
	Author = {Winfried {Bruns} and Joseph {Gubeladze} and Mateusz {Micha{\l}ek}},
	Title = {{Quantum jumps of normal polytopes.}},
	FJournal = {{Discrete \& Computational Geometry}},
	Journal = {{Discrete Comput. Geom.}},
	ISSN = {0179-5376; 1432-0444/e},
	Volume = {56},
	Number = {1},
	Pages = {181--215},
	Year = {2016},
	Publisher = {Springer US, New York, NY},
	Language = {English},
	DOI = {10.1007/s00454-016-9773-7},
	MSC2010 = {52B20 11H06 52C07},
	Zbl = {1351.52011}
}

@Article{zbMATH06734649,
	Author = {M. {Delgado} and P. A. {Garc\'{\i}a-S\'anchez}},
	Title = {{numericalsgps, a GAP package for numerical semigroups.}},
	FJournal = {{ACM Communications in Computer Algebra}},
	Journal = {{ACM Commun. Comput. Algebra}},
	ISSN = {1932-2232; 1932-2240/e},
	Volume = {50},
	Number = {1},
	Pages = {12--24},
	Year = {2016},
	Publisher = {Association for Computing Machinery (ACM), New York, NY},
	Language = {English},
	DOI = {10.1145/2930964.2930966},
	MSC2010 = {68W30 20-04 20M14},
	Zbl = {1365.68487}
}

@InCollection{zbMATH06630686,
	Author = {Hans-Gert {Gr\"abe}},
	Title = {{Semantic-aware fingerprints of symbolic research data.}},
	BookTitle = {{Mathematical software -- ICMS 2016. 5th international conference, Berlin, Germany, July 11--14, 2016. Proceedings}},
	ISBN = {978-3-319-42431-6/pbk; 978-3-319-42432-3/ebook},
	Pages = {411--418},
	Year = {2016},
	Publisher = {Cham: Springer},
	Language = {English},
	DOI = {10.1007/978-3-319-42432-3_51},
	MSC2010 = {65Yxx 68T15 68U35 68W30}
}

@ARTICLE{2018arXiv180708399D,
	author = {{Davis}, B.},
	title = "{Predicting the Integer Decomposition Property via Machine Learning}",
	journal = {ArXiv e-prints},
	archivePrefix = "arXiv",
	eprint = {1807.08399},
	primaryClass = "math.CO",
	keywords = {Mathematics - Combinatorics, Computer Science - Discrete Mathematics},
	year = 2018,
	month = jul,
	adsurl = {http://adsabs.harvard.edu/abs/2018arXiv180708399D},
	adsnote = {Provided by the SAO/NASA Astrophysics Data System}
}

@article{ma2018design,
	title={Design of Monitor-based Supervisors in Labelled {Petri} Nets},
	author={Ma, Ziyue and He, Zhou and Li, Zhiwu and Giua, Alessandro},
	journal={IFAC-PapersOnLine},
	volume={51},
	number={7},
	pages={374--380},
	year={2018},
	publisher={Elsevier}
}

@article{seveso2018coarse,
	title={Coarse-grained entanglement classification through orthogonal arrays},
	author={Seveso, Luigi and Goyeneche, Dardo and {\.Z}yczkowski, Karol},
	journal={Journal of Mathematical Physics},
	volume={59},
	number={7},
	pages={072203},
	year={2018},
	publisher={AIP Publishing}
}

@article {MR3833030,
	AUTHOR = {Milne, Andrew J. and Bulger, David and Herff, Steffen A.},
	TITLE = {Exploring the space of perfectly balanced rhythms and scales},
	JOURNAL = {J. Math. Music},
	FJOURNAL = {Journal of Mathematics \& Music. Mathematical and
	Computational Approaches to Music Theory, Analysis,
	Composition and Performance},
	VOLUME = {11},
	YEAR = {2017},
	NUMBER = {2-3},
	PAGES = {101--133},
	ISSN = {1745-9737},
	MRCLASS = {00A65 (05B30 11R18 90C25 97N80)},
	MRNUMBER = {3833030},
	DOI = {10.1080/17459737.2017.1395915},
	URL = {https://doi.org/10.1080/17459737.2017.1395915},
}

@inproceedings{abbott2017new,
	title={New in {CoCoA-5.2.2} and {CoCoALib-0.99560} for {SC-Square}.},
	author={Abbott, John and Bigatti, Anna Maria},
	booktitle={SC$^2$\@ISSAC},
	year={2017}
}

@TechReport{RePEc:hal:wpaper:hal-01757761,
	author={Mostapha Diss and Eric Kamwa and Abdelmonaim Tlidi},
	title={{The Chamberlin-Courant Rule and the k-Scoring Rules: Agreement and Condorcet Committee Consistency}},
	year=2018,
	month=Apr,
	institution={HAL},
	type={Working Papers},
	url={https://ideas.repec.org/p/hal/wpaper/hal-01757761.html},
	number={hal-01757761},
	abstract={For committee or multiwinner elections, the Chamberlin-Courant rule (CCR), which combines the Borda rule and the proportional representation, aims to pick the most representative committee (Chamberlin and Courant, 1983). Chamberlin and Courant (1983) have shown that if the size of the committee to be elected is k = 1 among m ≥ 3 candidates, the CCR is equivalent to the Borda rule; Kamwa and Merlin (2014) claimed that if k = m − 1, the CCR is equivalent to the k-Plurality rule. In this paper, we explore what happens for 1},
	keywords={Committee; Representativeness; Borda; Condorcet; Chamberlin-Courant; k-Scoring rule},
	doi={},
}


@article {MR3708050,
	AUTHOR = {B\"achle, Andreas and Margolis, Leo},
	TITLE = {On the prime graph question for integral group rings of
	4-primary groups {I}},
	JOURNAL = {Internat. J. Algebra Comput.},
	FJOURNAL = {International Journal of Algebra and Computation},
	VOLUME = {27},
	YEAR = {2017},
	NUMBER = {6},
	PAGES = {731--767},
	ISSN = {0218-1967},
	MRCLASS = {16S34 (16U60 20C05)},
	MRNUMBER = {3708050},
	MRREVIEWER = {Ayman R. Badawi},
	DOI = {10.1142/S0218196717500357},
	URL = {https://doi.org/10.1142/S0218196717500357},
}

@article {MR3669931,
	AUTHOR = {Fei, Jiarui},
	TITLE = {Cluster algebras and semi-invariant rings {I}. {T}riple flags},
	JOURNAL = {Proc. Lond. Math. Soc. (3)},
	FJOURNAL = {Proceedings of the London Mathematical Society. Third Series},
	VOLUME = {115},
	YEAR = {2017},
	NUMBER = {1},
	PAGES = {1--32},
	ISSN = {0024-6115},
	MRCLASS = {13F60 (16G20 52B20)},
	MRNUMBER = {3669931},
	DOI = {10.1112/plms.12033},
	URL = {https://doi.org/10.1112/plms.12033},
}

@phdthesis{davis2019lattice,
	title={Lattice Simplices: Sufficiently Complicated},
	author={Davis, Brian},
	school={University of Kentucky},
	year={2019}
}

@ARTICLE{2018arXiv180306879G,
	author = {{Garc{\'\i}a-S{\'a}nchez}, P.~A. and {Mar{\'\i}n-Arag{\'o}n}, D. and {Robles-P{\'e}rez}, A.~M.},
	title = "{The tree of numerical semigroups with low multiplicity}",
	journal = {arXiv e-prints},
	keywords = {Mathematics - Combinatorics, Mathematics - Commutative Algebra, 20M14},
	year = 2018,
	month = mar,
	eid = {arXiv:1803.06879},
	pages = {arXiv:1803.06879},
	archivePrefix = {arXiv},
	eprint = {1803.06879},
	primaryClass = {math.CO},
	adsurl = {https://ui.adsabs.harvard.edu/abs/2018arXiv180306879G},
	adsnote = {Provided by the SAO/NASA Astrophysics Data System}
}


@incollection{yoshida2019sequential,
	title={Sequential Importance Sampling for Logistic Regression Model},
	author={Yoshida, Ruriko and Hara, Hisayuki and Saluke, Patrick M},
	booktitle={Computational Models for Biomedical Reasoning and Problem Solving},
	pages={231--255},
	year={2019},
	publisher={IGI Global}
}

@phdthesis{olsen2018hilbert,
	title={Hilbert Bases, Descent Statistics, and Combinatorial Semigroup Algebras},
	author={Olsen, McCabe J},
	school={University of Kentucky},
	year={2018}
}

@ARTICLE{2018arXiv181100272C,
	author = {{Cameron}, Amanda and {Dinu}, Rodica and {Micha{\l}ek}, Mateusz and {Seynnaeve}, Tim},
	title = "{Flag matroids: algebra and geometry}",
	journal = {arXiv e-prints},
	keywords = {Mathematics - Combinatorics, Mathematics - Algebraic Geometry},
	year = 2018,
	month = nov,
	eid = {arXiv:1811.00272},
	pages = {arXiv:1811.00272},
	archivePrefix = {arXiv},
	eprint = {1811.00272},
	primaryClass = {math.CO},
	adsurl = {https://ui.adsabs.harvard.edu/abs/2018arXiv181100272C},
	adsnote = {Provided by the SAO/NASA Astrophysics Data System}
}

@ARTICLE{2019arXiv190312634K,
	author = {{Kohl}, Florian and {Olsen}, McCabe},
	title = "{Birkhoff polytopes of different type and the orthant-lattice property}",
	journal = {arXiv e-prints},
	keywords = {Mathematics - Combinatorics, 52B20, 05E40, 05A05},
	year = 2019,
	month = mar,
	eid = {arXiv:1903.12634},
	pages = {arXiv:1903.12634},
	archivePrefix = {arXiv},
	eprint = {1903.12634},
	primaryClass = {math.CO},
	adsurl = {https://ui.adsabs.harvard.edu/abs/2019arXiv190312634K},
	adsnote = {Provided by the SAO/NASA Astrophysics Data System}
}

@article {MR4207177,
	AUTHOR = {Krone, Robert and Kubjas, Kaie},
	TITLE = {Uniqueness of nonnegative matrix factorizations by rigidity
	theory},
	JOURNAL = {SIAM J. Matrix Anal. Appl.},
	FJOURNAL = {SIAM Journal on Matrix Analysis and Applications},
	VOLUME = {42},
	YEAR = {2021},
	NUMBER = {1},
	PAGES = {134--164},
	ISSN = {0895-4798},
	MRCLASS = {15B48 (14P10 14R20 15A23 52C25)},
	MRNUMBER = {4207177},
	DOI = {10.1137/19M1279472},
	URL = {https://doi.org/10.1137/19M1279472},
}

@phdthesis{kohl2018lattice,
	title={Lattice Polytopes-Applications and Properties: Ehrhart Theory, Graph Colorings, and Level Algebras},
	author={Kohl, Florian},
	school={FU Berlin},
	year={2018}
}

@phdthesis{sommars2018algorithms,
	title={Algorithms and Implementations in Computational Algebraic Geometry},
	author={Sommars, Jeffrey C},
	school={University of Illinois at Urbana-Champaign},
	year={2018}
}

@ARTICLE{2020PhRvX..10c1001S,
	author = {{Song}, Zhi-Da and {Elcoro}, Luis and {Xu}, Yuan-Feng and {Regnault}, Nicolas and {Bernevig}, B. Andrei},
	title = "{Fragile Phases as Affine Monoids: Classification and Material Examples}",
	journal = {Physical Review X},
	keywords = {Condensed Matter - Mesoscale and Nanoscale Physics, Condensed Matter - Materials Science},
	year = 2020,
	month = jul,
	volume = {10},
	number = {3},
	eid = {031001},
	pages = {031001},
	doi = {10.1103/PhysRevX.10.031001},
	archivePrefix = {arXiv},
	eprint = {1905.03262},
	primaryClass = {cond-mat.mes-hall},
	adsurl = {https://ui.adsabs.harvard.edu/abs/2020PhRvX..10c1001S},
	adsnote = {Provided by the SAO/NASA Astrophysics Data System}
}

@incollection {MR3946253,
	AUTHOR = {Veys, Willem},
	TITLE = {Semigroup and {P}oincar\'{e} series for divisorial valuations},
	BOOKTITLE = {Extended abstracts {F}ebruary 2016---positivity and
	valuations},
	SERIES = {Trends Math. Res. Perspect. CRM Barc.},
	VOLUME = {9},
	PAGES = {51--56},
	PUBLISHER = {Birkh\"{a}user/Springer, Cham},
	YEAR = {2018},
	MRCLASS = {13A18},
	MRNUMBER = {3946253},
	DOI = {10.1007/978-3-030-00027-1\_8},
	URL = {https://doi.org/10.1007/978-3-030-00027-1_8},
}

@ARTICLE{2019arXiv190703276D,
	author = {{D{\'\i}az-Ram{\'\i}rez}, J.~D. and {Garc{\'\i}a-Garc{\'\i}a}, J.~I. and {Mar{\'\i}n-Arag{\'o}n}, D. and {Vigneron-Tenorio}, A.},
	title = "{Characterizing affine $\mathcal{C}$-semigroups}",
	journal = {arXiv e-prints},
	keywords = {Mathematics - Commutative Algebra, Mathematics - Combinatorics, 20M14 (Primary), 68R05 (Secondary)},
	year = 2019,
	month = jul,
	eid = {arXiv:1907.03276},
	pages = {arXiv:1907.03276},
	archivePrefix = {arXiv},
	eprint = {1907.03276},
	primaryClass = {math.AC},
	adsurl = {https://ui.adsabs.harvard.edu/abs/2019arXiv190703276D},
	adsnote = {Provided by the SAO/NASA Astrophysics Data System}
}

@article{borowka2019gpu,
	title={A GPU compatible quasi-Monte Carlo integrator interfaced to pySecDec},
	author={Borowka, S and Heinrich, G and Jahn, S and Jones, SP and Kerner, M and Schlenk, J},
	journal={Computer Physics Communications},
	year={2019},
	volume={240},
	pages={120--137},
	publisher={Elsevier}
}

@article {MR3936076,
	AUTHOR = {Caviglia, Giulio and Chardin, Marc and McCullough, Jason and
	Peeva, Irena and Varbaro, Matteo},
	TITLE = {Regularity of prime ideals},
	JOURNAL = {Math. Z.},
	FJOURNAL = {Mathematische Zeitschrift},
	VOLUME = {291},
	YEAR = {2019},
	NUMBER = {1-2},
	PAGES = {421--435},
	ISSN = {0025-5874},
	MRCLASS = {13D02},
	MRNUMBER = {3936076},
	MRREVIEWER = {Livia M. Hummel},
	DOI = {10.1007/s00209-018-2089-y},
	URL = {https://doi.org/10.1007/s00209-018-2089-y},
}

@Article{zbMATH07482218,
	Author = {Gonzalo {Grisalde} and Alexandra {Seceleanu} and Rafael H. {Villarreal}},
	Title = {{Rees algebras of filtrations of covering polyhedra and integral closure of powers of monomial ideals}},
	FJournal = {{Research in the Mathematical Sciences}},
	Journal = {{Res. Math. Sci.}},
	ISSN = {2522-0144},
	Volume = {9},
	Number = {1},
	Pages = {33},
	Note = {Id/No 13},
	Year = {2022},
	Publisher = {Springer International Publishing (SpringerOpen), Cham},
	Language = {English},
	DOI = {10.1007/s40687-021-00310-2},
	MSC2010 = {13C70 13F20 13F55 05E40 13A30 13B22}
}

@Article{zbMATH07389901,
	Author = {Mitra {Koley} and Tim {R\"omer}},
	Title = {{Seminormality, canonical modules, and regularity of cut polytopes}},
	FJournal = {{Journal of Pure and Applied Algebra}},
	Journal = {{J. Pure Appl. Algebra}},
	ISSN = {0022-4049},
	Volume = {226},
	Number = {1},
	Pages = {22},
	Note = {Id/No 106797},
	Year = {2022},
	Publisher = {Elsevier (North-Holland), Amsterdam},
	Language = {English},
	DOI = {10.1016/j.jpaa.2021.106797},
	MSC2010 = {13C05 14M25 52B20 05E40}
}

@Article{zbMATH07452358,
	Author = {Matthias {K\"oppe} and Jiawei {Wang}},
	Title = {{Dual-feasible functions for integer programming and combinatorial optimization: algorithms, characterizations, and approximations}},
	FJournal = {{Discrete Applied Mathematics}},
	Journal = {{Discrete Appl. Math.}},
	ISSN = {0166-218X},
	Volume = {308},
	Pages = {84--106},
	Year = {2022},
	Publisher = {Elsevier (North-Holland), Amsterdam},
	Language = {English},
	DOI = {10.1016/j.dam.2019.11.021},
	MSC2010 = {90C10 90C46}
}

@Article{zbMATH07451643,
	Author = {Ziyue {Ma} and Zhou {He} and Zhiwu {Li} and Alessandro {Giua}},
	Title = {{Design of supervisors for linear marking specifications in labeled Petri nets}},
	FJournal = {{Automatica}},
	Journal = {{Automatica}},
	ISSN = {0005-1098},
	Volume = {136},
	Pages = {12},
	Note = {Id/No 110031},
	Year = {2022},
	Publisher = {Elsevier (Pergamon), Oxford},
	Language = {English},
	DOI = {10.1016/j.automatica.2021.110031},
	MSC2010 = {93C65}
}

@Article{zbMATH07352962,
	Author = {Nima {Arkani-Hamed} and Thomas {Lam} and Marcus {Spradlin}},
	Title = {Non-perturbative geometries for planar $\mathcal{N} = 4$ SYM amplitudes},
	FJournal = {{Journal of High Energy Physics}},
	Journal = {{J. High Energy Phys.}},
	ISSN = {1126-6708},
	Volume = {2021},
	Number = {3},
	Pages = {15},
	Note = {Id/No 65},
	Year = {2021},
	Publisher = {Springer, Berlin/Heidelberg},
	Language = {English},
	DOI = {10.1007/JHEP03(2021)065},
	MSC2010 = {81U20 81T16 81T60 70S15},
	Zbl = {1461.81136}
}

@Article{zbMATH07453731,
	Author = {Andreas {B\"achle} and Leo {Margolis}},
	Title = {{From examples to methods: Two cases from the study of units in integral group rings}},
	FJournal = {{Indian Journal of Pure \& Applied Mathematics}},
	Journal = {{Indian J. Pure Appl. Math.}},
	ISSN = {0019-5588},
	Volume = {52},
	Number = {3},
	Pages = {669--686},
	Year = {2021},
	Publisher = {Springer India, New Delhi, Delhi, India; Indian National Science Academy, New Delhi, Delhi, India},
	Language = {English},
	DOI = {10.1007/s13226-021-00180-y},
	MSC2010 = {16U60 20C05 20C15 20C20}
}

@Article{zbMATH07371431,
	Author = {Alessio {Borz\`{\i}} and Alessio {D'Al\`{\i}}},
	Title = {{Graded algebras with cyclotomic Hilbert series}},
	FJournal = {{Journal of Pure and Applied Algebra}},
	Journal = {{J. Pure Appl. Algebra}},
	ISSN = {0022-4049},
	Volume = {225},
	Number = {12},
	Pages = {9},
	Note = {Id/No 106764},
	Year = {2021},
	Publisher = {Elsevier (North-Holland), Amsterdam},
	Language = {English},
	DOI = {10.1016/j.jpaa.2021.106764},
	MSC2010 = {13D40 13A02 16S37 20M14 13H10},
	Zbl = {1469.13035}
}

@Article{zbMATH07286488,
	Author = {Winfried {Bruns} and Pedro A. {Garc\'{\i}a-S\'anchez} and Luca {Moci}},
	Title = {{The monoid of monotone functions on a poset and quasi-arithmetic multiplicities for uniform matroids}},
	FJournal = {{Journal of Algebra}},
	Journal = {{J. Algebra}},
	ISSN = {0021-8693},
	Volume = {569},
	Pages = {377--400},
	Year = {2021},
	Publisher = {Elsevier (Academic Press), San Diego, CA},
	Language = {English},
	DOI = {10.1016/j.jalgebra.2020.10.026},
	MSC2010 = {06A06 06A07 05B35},
	Zbl = {1477.06002}
}

@Article{zbMATH07447070,
	Author = {Winfried {Bruns} and Bogdan {Ichim}},
	Title = {{Polytope volume by descent in the face lattice and applications in social choice}},
	FJournal = {{Mathematical Programming Computation}},
	Journal = {{Math. Program. Comput.}},
	ISSN = {1867-2949},
	Volume = {13},
	Number = {2},
	Pages = {415--442},
	Year = {2021},
	Publisher = {Springer, Berlin/Heidelberg},
	Language = {English},
	DOI = {10.1007/s12532-020-00198-z},
	MSC2010 = {52B20 13F20 14M25 91B12}
}

@Article{zbMATH07396011,
	Author = {Michael {DiPasquale} and Ben {Drabkin}},
	Title = {{On resurgence via asymptotic resurgence}},
	FJournal = {{Journal of Algebra}},
	Journal = {{J. Algebra}},
	ISSN = {0021-8693},
	Volume = {587},
	Pages = {64--84},
	Year = {2021},
	Publisher = {Elsevier (Academic Press), San Diego, CA},
	Language = {English},
	DOI = {10.1016/j.jalgebra.2021.07.021},
	MSC2010 = {13F20 13A15 14C20},
	Zbl = {1475.13035}
}

@Book{zbMATH07403465,
	Author = {Christian {Haase} and Andreas {Paffenholz} and Lindsey C. {Piechnik} and Francisco {Santos}},
	Title = {{Existence of unimodular triangulations -- positive results}},
	FJournal = {{Memoirs of the American Mathematical Society}},
	Series = {{Mem. Am. Math. Soc.}},
	ISSN = {0065-9266},
	Volume = {1321},
	ISBN = {978-1-4704-4716-8; 978-1-4704-6530-8},
	Pages = {v + 83},
	Year = {2021},
	Publisher = {Providence, RI: American Mathematical Society (AMS)},
	Language = {English},
	DOI = {10.1090/memo/1321},
	MSC2010 = {52-02 52B20 52B11 13F20}
}

@Article{zbMATH07367801,
	Author = {Akihiro {Higashitani} and Yusuke {Nakajima}},
	Title = {{Generalized \(F\)-signatures of Hibi rings}},
	FJournal = {{Illinois Journal of Mathematics}},
	Journal = {{Ill. J. Math.}},
	ISSN = {0019-2082},
	Volume = {65},
	Number = {1},
	Pages = {97--120},
	Year = {2021},
	Publisher = {Duke University Press, Durham, NC; University of Illinois, Department of Mathematics, Urbana, IL},
	Language = {English},
	DOI = {10.1215/00192082-8827655},
	MSC2010 = {13A35 05E40 06A11 14M25 13F65},
	Zbl = {1472.13010}
}

@Article{zbMATH07310620,
	Author = {Robert {Krone} and Kaie {Kubjas}},
	Title = {{Uniqueness of nonnegative matrix factorizations by rigidity theory}},
	FJournal = {{SIAM Journal on Matrix Analysis and Applications}},
	Journal = {{SIAM J. Matrix Anal. Appl.}},
	ISSN = {0895-4798},
	Volume = {42},
	Number = {1},
	Pages = {134--164},
	Year = {2021},
	Publisher = {Society for Industrial and Applied Mathematics (SIAM), Philadelphia, PA},
	Language = {English},
	DOI = {10.1137/19M1279472},
	MSC2010 = {15A23 15B48 14P10 52B05 14R20},
	Zbl = {1458.15028}
}

@Article{zbMATH07381986,
	Author = {Norbert {Pintye} and Artie {Prendergast-Smith}},
	Title = {{Effective cycles on some linear blowups of projective spaces}},
	FJournal = {{Nagoya Mathematical Journal}},
	Journal = {{Nagoya Math. J.}},
	ISSN = {0027-7630},
	Volume = {243},
	Pages = {243--262},
	Year = {2021},
	Publisher = {Cambridge University Press, Cambridge},
	Language = {English},
	DOI = {10.1017/nmj.2019.41},
	MSC2010 = {14C25 14N20 14C20},
	Zbl = {1467.14022}
}

@Article{zbMATH07374440,
	Author = {Martin {Vodi\v{c}ka}},
	Title = {{Normality of the Kimura 3-parameter model}},
	FJournal = {{SIAM Journal on Discrete Mathematics}},
	Journal = {{SIAM J. Discrete Math.}},
	ISSN = {0895-4801},
	Volume = {35},
	Number = {3},
	Pages = {1536--1547},
	Year = {2021},
	Publisher = {Society for Industrial and Applied Mathematics (SIAM), Philadelphia, PA},
	Language = {English},
	DOI = {10.1137/19M1250819},
	MSC2010 = {14M25 13P25 52B20 92D15 13P10 14Q99 62P10},
	Zbl = {1467.14123}
}

@Book{zbMATH07258482,
	Author = {Abdallah {Assi} and Marco {D'Anna} and Pedro A. {Garc\'{\i}a-S\'anchez}},
	Title = {{Numerical semigroups and applications}},
	FJournal = {{RSME Springer Series}},
	Journal = {{RSME Springer Ser.}},
	ISSN = {2509-8888},
	Volume = {3},
	ISBN = {978-3-030-54942-8; 978-3-030-54943-5},
	Pages = {xiv + 138},
	Year = {2020},
	Publisher = {Cham: Springer},
	Language = {English},
	DOI = {10.1007/978-3-030-54943-5},
	MSC2010 = {20-01 20M14 20M05 13F25 14H50 14G50 20-04 14-04},
	Zbl = {1444.20001}
}

@Article{zbMATH07157994,
	Author = {Benjamin {Braun} and Brian {Davis}},
	Title = {{Antichain simplices}},
	FJournal = {{Journal of Integer Sequences}},
	Journal = {{J. Integer Seq.}},
	ISSN = {1530-7638},
	Volume = {23},
	Number = {1},
	Pages = {article 20.1.1, 24},
	Year = {2020},
	Publisher = {University of Waterloo, School of Computer Science, Waterloo, ON},
	Language = {English},
	MSC2010 = {52B20 13D02 11A05},
	Zbl = {1433.52012}
}

@Article{zbMATH07224506,
	Author = {Winfried {Bruns} and Pedro {Garc\'{\i}a-S\'anchez} and Christopher {O'Neill} and Dane {Wilburne}},
	Title = {{Wilf's conjecture in fixed multiplicity}},
	FJournal = {{International Journal of Algebra and Computation}},
	Journal = {{Int. J. Algebra Comput.}},
	ISSN = {0218-1967},
	Volume = {30},
	Number = {4},
	Pages = {861--882},
	Year = {2020},
	Publisher = {World Scientific, Singapore},
	Language = {English},
	DOI = {10.1142/S021819672050023X},
	MSC2010 = {20M14 20-08 52B20 52B55}
}

@Article{zbMATH07304610,
	Author = {Laura {Colmenarejo} and Francesco {Galuppi} and Mateusz {Micha{\l}ek}},
	Title = {{Toric geometry of path signature varieties}},
	FJournal = {{Advances in Applied Mathematics}},
	Journal = {{Adv. Appl. Math.}},
	ISSN = {0196-8858},
	Volume = {121},
	Pages = {35},
	Note = {Id/No 102102},
	Year = {2020},
	Publisher = {Elsevier (Academic Press), San Diego, CA},
	Language = {English},
	DOI = {10.1016/j.aam.2020.102102},
	MSC2010 = {14Q15 14M25 60H99},
	Zbl = {1467.14149}
}

@Article{zbMATH07218314,
	Author = {Mostapha {Diss} and Muhammad {Mahajne}},
	Title = {{Social acceptability of Condorcet committees}},
	FJournal = {{Mathematical Social Sciences}},
	Journal = {{Math. Soc. Sci.}},
	ISSN = {0165-4896},
	Volume = {105},
	Pages = {14--27},
	Year = {2020},
	Publisher = {Elsevier (North-Holland), Amsterdam},
	Language = {English},
	DOI = {10.1016/j.mathsocsci.2020.03.004},
	MSC2010 = {91B14 91B12},
	Zbl = {1444.91089}
}

@Article{zbMATH07175446,
	Author = {Abdelhalim {El Ouafdi} and Dominique {Lepelley} and Hatem {Smaoui}},
	Title = {{Probabilities of electoral outcomes: from three-candidate to four-candidate elections}},
	FJournal = {{Theory and Decision}},
	Journal = {{Theory Decis.}},
	ISSN = {0040-5833},
	Volume = {88},
	Number = {2},
	Pages = {205--229},
	Year = {2020},
	Publisher = {Springer US, New York, NY},
	Language = {English},
	DOI = {10.1007/s11238-019-09724-5},
	MSC2010 = {91B12 91B14},
	Zbl = {1433.91065}
}

@Article{zbMATH07227748,
	Author = {Maurizio {Imbesi} and Monica {La Barbiera}},
	Title = {{Integral closure of bipartite graph ideals}},
	FJournal = {{Kodai Mathematical Journal}},
	Journal = {{Kodai Math. J.}},
	ISSN = {0386-5991},
	Volume = {43},
	Number = {2},
	Pages = {243--255},
	Year = {2020},
	Publisher = {Tokyo Institute of Technology, Department of Mathematics, Tokyo},
	Language = {English},
	DOI = {10.2996/kmj/1594313552},
	MSC2010 = {13B22 05C25 13F20},
	Zbl = {1445.13012}
}

@Article{zbMATH07242486,
	Author = {Florian {Kohl} and McCabe {Olsen} and Raman {Sanyal}},
	Title = {{Unconditional reflexive polytopes}},
	FJournal = {{Discrete \& Computational Geometry}},
	Journal = {{Discrete Comput. Geom.}},
	ISSN = {0179-5376},
	Volume = {64},
	Number = {2},
	Pages = {427--452},
	Year = {2020},
	Publisher = {Springer US, New York, NY},
	Language = {English},
	DOI = {10.1007/s00454-020-00199-8},
	MSC2010 = {52B20 52B12},
	Zbl = {1454.52012}
}

@Article{zbMATH07072303,
	Author = {Ibrahim {Al-Ayyoub} and Imad {Jaradat} and Khaldoun {Al-Zoubi}},
	Title = {{On the normality of a class of monomial ideals via the Newton polyhedron}},
	FJournal = {{Mediterranean Journal of Mathematics}},
	Journal = {{Mediterr. J. Math.}},
	ISSN = {1660-5446},
	Volume = {16},
	Number = {3},
	Pages = {16},
	Note = {Id/No 77},
	Year = {2019},
	Publisher = {Springer (Birkh\"auser), Basel},
	Language = {English},
	DOI = {10.1007/s00009-019-1337-7},
	MSC2010 = {13B22 06B10 52B20},
	Zbl = {1415.13008}
}

@Article{zbMATH07099995,
	Author = {Ibrahim {Al-Ayyoub} and Mehrdad {Nasernejad} and Leslie G. {Roberts}},
	Title = {{Normality of cover ideals of graphs and normality under some operations}},
	FJournal = {{Results in Mathematics}},
	Journal = {{Result. Math.}},
	ISSN = {1422-6383},
	Volume = {74},
	Number = {4},
	Pages = {26},
	Note = {Id/No 140},
	Year = {2019},
	Publisher = {Springer (Birkh\"auser), Basel},
	Language = {English},
	DOI = {10.1007/s00025-019-1068-x},
	MSC2010 = {13B22 05C25 05E40},
	Zbl = {1422.13009}
}

@Article{zbMATH07127354,
	Author = {H\^ong Ngoc {Binh}},
	Title = {{An effective characterization of complete monomial ideals in two variables}},
	FJournal = {{International Journal of Algebra and Computation}},
	Journal = {{Int. J. Algebra Comput.}},
	ISSN = {0218-1967},
	Volume = {29},
	Number = {7},
	Pages = {1311--1317},
	Year = {2019},
	Publisher = {World Scientific, Singapore},
	Language = {English},
	DOI = {10.1142/S0218196719500504},
	MSC2010 = {13B22 13B25},
	Zbl = {1428.13012}
}

@Article{zbMATH07153522,
	Author = {Winfried {Bruns} and Bogdan {Ichim} and Christof {S\"oger}},
	Title = {{Computations of volumes and Ehrhart series in four candidates elections}},
	FJournal = {{Annals of Operations Research}},
	Journal = {{Ann. Oper. Res.}},
	ISSN = {0254-5330},
	Volume = {280},
	Number = {1-2},
	Pages = {241--265},
	Year = {2019},
	Publisher = {Springer US, New York, NY},
	Language = {English},
	DOI = {10.1007/s10479-019-03152-y},
	MSC2010 = {91B12 91B14 52B20},
	Zbl = {1430.91039}
}

@Article{zbMATH07052092,
	Author = {Michael A. {Burr} and Drew J. {Lipman}},
	Title = {{Quadratic-monomial generated domains from mixed signed, directed graphs}},
	FJournal = {{International Journal of Algebra and Computation}},
	Journal = {{Int. J. Algebra Comput.}},
	ISSN = {0218-1967},
	Volume = {29},
	Number = {2},
	Pages = {279--308},
	Year = {2019},
	Publisher = {World Scientific, Singapore},
	Language = {English},
	DOI = {10.1142/S0218196719500024},
	MSC2010 = {05E15 05C20 05C22 05C25 13G05 13C14},
	Zbl = {1414.05307}
}

@Article{zbMATH06999331,
	Author = {Hailong {Dao} and Jonathan {Monta\~no}},
	Title = {{Length of local cohomology of powers of ideals}},
	FJournal = {{Transactions of the American Mathematical Society}},
	Journal = {{Trans. Am. Math. Soc.}},
	ISSN = {0002-9947},
	Volume = {371},
	Number = {5},
	Pages = {3483--3503},
	Year = {2019},
	Publisher = {American Mathematical Society (AMS), Providence, RI},
	Language = {English},
	DOI = {10.1090/tran/7402},
	MSC2010 = {13D45 13A30 14B05 05E40},
	Zbl = {1409.13036}
}

@Article{zbMATH07040044,
	Author = {J. I. {Garc\'{\i}a-Garc\'{\i}a} and D. {Mar\'{\i}n-Arag\'on} and M. A. {Moreno-Fr\'{\i}as}},
	Title = {{On divisor-closed submonoids and minimal distances in finitely generated monoids}},
	FJournal = {{Journal of Symbolic Computation}},
	Journal = {{J. Symb. Comput.}},
	ISSN = {0747-7171},
	Volume = {93},
	Pages = {230--245},
	Year = {2019},
	Publisher = {Elsevier (Academic Press), London},
	Language = {English},
	DOI = {10.1016/j.jsc.2018.06.008},
	MSC2010 = {13A05 20M13 11R27 20M32 68W30 20M14 52B11},
	Zbl = {1451.13005}
}

@Article{zbMATH07063132,
	Author = {J. I. {Garc\'{\i}a-Garc\'{\i}a} and D. {Mar\'{\i}n-Arag\'on} and A. {Vigneron-Tenorio}},
	Title = {{A characterization of some families of Cohen-Macaulay, Gorenstein and/or Buchsbaum rings}},
	FJournal = {{Discrete Applied Mathematics}},
	Journal = {{Discrete Appl. Math.}},
	ISSN = {0166-218X},
	Volume = {263},
	Pages = {166--176},
	Year = {2019},
	Publisher = {Elsevier (North-Holland), Amsterdam},
	Language = {English},
	DOI = {10.1016/j.dam.2018.03.021},
	MSC2010 = {13H10},
	Zbl = {1422.13021}
}

@Article{zbMATH07053476,
	Author = {Pedro A. {Garc\'{\i}a-S\'anchez} and Christopher {O'Neill} and Gautam {Webb}},
	Title = {{The computation of factorization invariants for affine semigroups}},
	FJournal = {{Journal of Algebra and its Applications}},
	Journal = {{J. Algebra Appl.}},
	ISSN = {0219-4988},
	Volume = {18},
	Number = {1},
	Pages = {21},
	Note = {Id/No 1950019},
	Year = {2019},
	Publisher = {World Scientific, Singapore},
	Language = {English},
	DOI = {10.1142/S0219498819500191},
	MSC2010 = {20M13 20M14 05A17 13F65 13P10},
	Zbl = {1457.20045}
}

@Article{zbMATH07089437,
	Author = {Takayuki {Hibi} and Akiyoshi {Tsuchiya}},
	Title = {{The depth of a reflexive polytope}},
	FJournal = {{Archiv der Mathematik}},
	Journal = {{Arch. Math.}},
	ISSN = {0003-889X},
	Volume = {113},
	Number = {3},
	Pages = {265--272},
	Year = {2019},
	Publisher = {Springer (Birkh\"auser), Basel},
	Language = {English},
	DOI = {10.1007/s00013-019-01333-6},
	MSC2010 = {13H10 52B20},
	Zbl = {1418.13015}
}

@Article{zbMATH07127350,
	Author = {Donggyun {Kim} and Sangjib {Kim} and Euisung {Park}},
	Title = {{On the structures of hive algebras and tensor product algebras for general linear groups of low rank}},
	FJournal = {{International Journal of Algebra and Computation}},
	Journal = {{Int. J. Algebra Comput.}},
	ISSN = {0218-1967},
	Volume = {29},
	Number = {7},
	Pages = {1193--1218},
	Year = {2019},
	Publisher = {World Scientific, Singapore},
	Language = {English},
	DOI = {10.1142/S0218196719500462},
	MSC2010 = {20G05 05E10 13A50 05E16},
	Zbl = {1472.20099}
}

@Article{zbMATH07003602,
	Author = {Mateusz {Micha{\l}ek} and Emanuele {Ventura}},
	Title = {{Phylogenetic complexity of the Kimura 3-parameter model}},
	FJournal = {{Advances in Mathematics}},
	Journal = {{Adv. Math.}},
	ISSN = {0001-8708},
	Volume = {343},
	Pages = {640--680},
	Year = {2019},
	Publisher = {Elsevier (Academic Press), San Diego, CA},
	Language = {English},
	DOI = {10.1016/j.aim.2018.11.021},
	MSC2010 = {14M25 13P25 52B20 05C90 92E10 92D15},
	Zbl = {1412.14031}
}

@Article{zbMATH07199976,
	Author = {Naoto {Yotsutani} and Bin {Zhou}},
	Title = {{Relative algebro-geometric stabilities of toric manifolds}},
	FJournal = {{Tohoku Mathematical Journal. Second Series}},
	Journal = {{Tohoku Math. J. (2)}},
	ISSN = {0040-8735},
	Volume = {71},
	Number = {4},
	Pages = {495--524},
	Year = {2019},
	Publisher = {Tohoku University, Mathematical Institute, Sendai},
	Language = {English},
	DOI = {10.2748/tmj/1576724790},
	MSC2010 = {53C55 14L24 14M25},
	Zbl = {1451.53099}
}

@incollection {MR4305683,
	AUTHOR = {Brandt, Felix and Hofbauer, Johannes and Strobel, Martin},
	TITLE = {Exploring the {N}o-{S}how {P}aradox for {C}ondorcet
	extensions},
	BOOKTITLE = {Evaluating voting systems with probability models---essays by
	and in honor of {W}illiam {G}ehrlein and {D}ominique
	{L}epelley},
	SERIES = {Stud. Choice Welf.},
	PAGES = {251--273},
	PUBLISHER = {Springer, Cham},
	YEAR = {[2021] \copyright 2021},
	MRCLASS = {91B14},
	MRNUMBER = {4305683},
	DOI = {10.1007/978-3-030-48598-6\_11},
	URL = {https://doi.org/10.1007/978-3-030-48598-6_11},
}

@article{hibi2019odd,
	title={Odd cycles and {Hilber}t functions of their toric rings},
	author={Hibi, Takayuki and Tsuchiya, Akiyoshi},
	journal={Mathematics},
	volume={8},
	number={1},
	pages={22},
	year={2019},
	publisher={MDPI}
}

@phdthesis{el2019analyse,
	title={Analyse probabiliste des r{\`e}gles de vote: m{\'e}thodes et r{\'e}sultats},
	author={El Ouafdi, Abdelhalim},
	year={2019},
	school={Universit{\'e} de la R{\'e}union}
}

@incollection {MR3971692,
	AUTHOR = {Davis, Brian},
	TITLE = {Predicting the integer decomposition property via machine
	learning},
	BOOKTITLE = {Algebraic and geometric combinatorics on lattice polytopes},
	PAGES = {165--181},
	PUBLISHER = {World Sci. Publ., Hackensack, NJ},
	YEAR = {2019},
	MRCLASS = {68T05 (52B20)},
	MRNUMBER = {3971692},
}
@article {MR3919871,
	AUTHOR = {Gr\"{a}be, Hans-Gert},
	TITLE = {20 years {S}ymbolic{D}ata},
	JOURNAL = {ACM Commun. Comput. Algebra},
	FJOURNAL = {ACM Communications in Computer Algebra},
	VOLUME = {52},
	YEAR = {2018},
	NUMBER = {3},
	PAGES = {45--54},
	ISSN = {1932-2232},
	MRCLASS = {68W30},
	MRNUMBER = {3919871},
	DOI = {10.1145/3313880.3313881},
	URL = {https://doi.org/10.1145/3313880.3313881},
}

@ARTICLE{2019arXiv191203741K,
	author = {{Kaplan}, Nathan and {O'Neill}, Christopher},
	title = "{Numerical semigroups, polyhedra, and posets I: the group cone}",
	journal = {arXiv e-prints},
	keywords = {Mathematics - Combinatorics},
	year = 2019,
	month = dec,
	eid = {arXiv:1912.03741},
	pages = {arXiv:1912.03741},
	archivePrefix = {arXiv},
	eprint = {1912.03741},
	primaryClass = {math.CO},
	adsurl = {https://ui.adsabs.harvard.edu/abs/2019arXiv191203741K},
	adsnote = {Provided by the SAO/NASA Astrophysics Data System}
}

% Google scholar Normaliz Bruns Ichim 2020


@article{diss2020some,
	title={On some k-scoring rules for committee elections: agreement and Condorcet Principle},
	author={Diss, Mostapha and Kamwa, Eric and Tlidi, Abdelmonaim},
	journal={Revue d'economie politique},
	volume={130},
	number={5},
	pages={699--725},
	year={2020},
	publisher={Dalloz}
}

@ARTICLE{2020arXiv201211846G,
	author = {{Gubeladze}, Joseph},
	title = "{Normal polytopes and ellipsoids}",
	journal = {arXiv e-prints},
	keywords = {Mathematics - Combinatorics, Mathematics - Number Theory, Primary 52B20, Secondary 11H06},
	year = 2020,
	month = dec,
	eid = {arXiv:2012.11846},
	pages = {arXiv:2012.11846},
	archivePrefix = {arXiv},
	eprint = {2012.11846},
	primaryClass = {math.CO},
	adsurl = {https://ui.adsabs.harvard.edu/abs/2020arXiv201211846G},
	adsnote = {Provided by the SAO/NASA Astrophysics Data System}
}

@ARTICLE{2020arXiv201015331F,
	author = {{Ferraro}, Luigi and {Galetto}, Federico and {Gandini}, Francesca and {Huang}, Hang and {Mastroeni}, Matthew and {Ni}, Xianglong},
	title = "{The InvariantRing package for Macaulay2}",
	journal = {arXiv e-prints},
	keywords = {Mathematics - Commutative Algebra, 13P, 13-04, 13A50},
	year = 2020,
	month = oct,
	eid = {arXiv:2010.15331},
	pages = {arXiv:2010.15331},
	archivePrefix = {arXiv},
	eprint = {2010.15331},
	primaryClass = {math.AC},
	adsurl = {https://ui.adsabs.harvard.edu/abs/2020arXiv201015331F},
	adsnote = {Provided by the SAO/NASA Astrophysics Data System}
}

@article{bubboloni2020extensions,
	title={Extensions of the Simpson voting rule to the committee selection setting},
	author={Bubboloni, Daniela and Diss, Mostapha and Gori, Michele},
	journal={Public Choice},
	volume={183},
	number={1},
	pages={151--185},
	year={2020},
	publisher={Springer}
}

@article {MR4106762,
	AUTHOR = {El Ouafdi, Abdelhalim and Lepelley, Dominique and Smaoui,
	Hatem},
	TITLE = {On the {C}ondorcet efficiency of evaluative voting (and other
	voting rules) with trichotomous preferences},
	JOURNAL = {Ann. Oper. Res.},
	FJOURNAL = {Annals of Operations Research},
	VOLUME = {289},
	YEAR = {2020},
	NUMBER = {2},
	PAGES = {227--241},
	ISSN = {0254-5330},
	MRCLASS = {91B14},
	MRNUMBER = {4106762},
	MRREVIEWER = {Mohamed Drissi-Bakhkhat},
	DOI = {10.1007/s10479-020-03591-y},
	URL = {https://doi.org/10.1007/s10479-020-03591-y},
}

@incollection {MR4184179,
	AUTHOR = {Jing, Rui-Juan and Moreno-Maza, Marc and Talaashrafi, Delaram},
	TITLE = {Complexity estimates for {F}ourier-{M}otzkin elimination},
	BOOKTITLE = {Computer algebra in scientific computing},
	SERIES = {Lecture Notes in Comput. Sci.},
	VOLUME = {12291},
	PAGES = {282--306},
	PUBLISHER = {Springer, Cham},
	YEAR = {[2020] \copyright 2020},
	MRCLASS = {90C05 (65Y20 68W40)},
	MRNUMBER = {4184179},
}

@ARTICLE{2020arXiv200509877P,
	author = {{Pelletier}, Maxime and {Nicolas}, Ressayre},
	title = "{Some unexpected properties of Littlewood-Richardson coefficients}",
	journal = {arXiv e-prints},
	keywords = {Mathematics - Combinatorics, Mathematics - Representation Theory},
	year = 2020,
	month = may,
	eid = {arXiv:2005.09877},
	pages = {arXiv:2005.09877},
	archivePrefix = {arXiv},
	eprint = {2005.09877},
	primaryClass = {math.CO},
	adsurl = {https://ui.adsabs.harvard.edu/abs/2020arXiv200509877P},
	adsnote = {Provided by the SAO/NASA Astrophysics Data System}
}


@article {MR4281211,
	AUTHOR = {Bayer, Margaret and Goeckner, Bennet and Hong, Su Ji and
	McAllister, Tyrrell and Olsen, McCabe and Pinckney, Casey and
	Vega, Julianne and Yip, Martha},
	TITLE = {Lattice polytopes from {S}chur and symmetric {G}rothendieck
	polynomials},
	JOURNAL = {Electron. J. Combin.},
	FJOURNAL = {Electronic Journal of Combinatorics},
	VOLUME = {28},
	YEAR = {2021},
	NUMBER = {2},
	PAGES = {Paper No. 2.45, 36},
	MRCLASS = {52B20 (05E05)},
	MRNUMBER = {4281211},
	DOI = {10.37236/9621},
	URL = {https://doi.org/10.37236/9621},
}

@ARTICLE{2020arXiv201201617G,
	author = {{Grifo}, Elo{\'\i}sa and {Seceleanu}, Alexandra},
	title = "{Symbolic Rees algebras}",
	journal = {arXiv e-prints},
	keywords = {Mathematics - Commutative Algebra, Mathematics - Algebraic Geometry},
	year = 2020,
	month = dec,
	eid = {arXiv:2012.01617},
	pages = {arXiv:2012.01617},
	archivePrefix = {arXiv},
	eprint = {2012.01617},
	primaryClass = {math.AC},
	adsurl = {https://ui.adsabs.harvard.edu/abs/2020arXiv201201617G},
	adsnote = {Provided by the SAO/NASA Astrophysics Data System}
}

@ARTICLE{2020arXiv200905921G,
	author = {{Gomes}, Tara and {O'Neill}, Christopher and {Torres Davila}, Eduardo},
	title = "{Numerical semigroups, polyhedra, and posets III: minimal presentations and face dimension}",
	journal = {arXiv e-prints},
	keywords = {Mathematics - Combinatorics},
	year = 2020,
	month = sep,
	eid = {arXiv:2009.05921},
	pages = {arXiv:2009.05921},
	archivePrefix = {arXiv},
	eprint = {2009.05921},
	primaryClass = {math.CO},
	adsurl = {https://ui.adsabs.harvard.edu/abs/2020arXiv200905921G},
	adsnote = {Provided by the SAO/NASA Astrophysics Data System}
}

@ARTICLE{2020arXiv201206288C,
	author = {{Chimani}, Markus and {Juhnke-Kubitzke}, Martina and {Nover}, Alexander},
	title = "{On the Bond Polytope}",
	journal = {arXiv e-prints},
	keywords = {Mathematics - Combinatorics, Computer Science - Discrete Mathematics},
	year = 2020,
	month = dec,
	eid = {arXiv:2012.06288},
	pages = {arXiv:2012.06288},
	archivePrefix = {arXiv},
	eprint = {2012.06288},
	primaryClass = {math.CO},
	adsurl = {https://ui.adsabs.harvard.edu/abs/2020arXiv201206288C},
	adsnote = {Provided by the SAO/NASA Astrophysics Data System}
}

% Google scholar Normaliz Bruns Ichim 2021

@ARTICLE{2021arXiv210900473B,
	author = {{Bruns}, Winfried and {Ichim}, Bogdan},
	title = "{Computations of volumes in five candidates elections}",
	journal = {arXiv e-prints},
	keywords = {Mathematics - Combinatorics, Mathematics - Commutative Algebra},
	year = 2021,
	month = sep,
	eid = {arXiv:2109.00473},
	pages = {arXiv:2109.00473},
	archivePrefix = {arXiv},
	eprint = {2109.00473},
	primaryClass = {math.CO},
	adsurl = {https://ui.adsabs.harvard.edu/abs/2021arXiv210900473B},
	adsnote = {Provided by the SAO/NASA Astrophysics Data System}
}

@incollection{el2021iac,
	title={IAC Probability Calculations in Voting Theory: Progress Report},
	author={El Ouafdi, Abdelhalim and Moyouwou, Issofa and Smaoui, Hatem},
	booktitle={Evaluating Voting Systems with Probability Models},
	pages={399--416},
	year={2021},
	publisher={Springer}
}

@incollection{brandt2021analyzing,
	title={Analyzing the practical relevance of the Condorcet loser paradox and the agenda contraction paradox},
	author={Brandt, Felix and Geist, Christian and Strobel, Martin},
	booktitle={Evaluating Voting Systems with Probability Models},
	pages={97--115},
	year={2021},
	publisher={Springer}
}

@article{semenov2021find,
	title={How to find the convex hull of all integer points in a polyhedron?},
	author={Semenov, Sergey O and Zolotykh, N Yu},
	journal={Optimization Letters},
	pages={1--13},
	year={2021},
	publisher={Springer}
}

@incollection{diss2021condorcet,
	title={Condorcet efficiency of general weighted scoring rules under IAC: indifference and abstention},
	author={Diss, Mostapha and Kamwa, Eric and Moyouwou, Issofa and Smaoui, Hatem},
	booktitle={Evaluating Voting Systems with Probability Models},
	pages={55--73},
	year={2021},
	publisher={Springer}
}

@incollection{kamwa2021susceptibility,
	title={Susceptibility to manipulation by sincere truncation: the case of scoring rules and scoring runoff systems},
	author={Kamwa, Eric and Moyouwou, Issofa},
	booktitle={Evaluating Voting Systems with Probability Models},
	pages={275--295},
	year={2021},
	publisher={Springer}
}

@article{katthan2021graded,
	title={Graded Cohen--Macaulay Domains and Lattice Polytopes with Short h-Vector},
	author={Katth{\"a}n, Lukas and Yanagawa, Kohji},
	journal={Discrete \& Computational Geometry},
	pages={1--10},
	year={2021},
	publisher={Springer}
}

@incollection {MR4305685,
	AUTHOR = {Barth\'{e}l\'{e}my, Fabrice and Martin, Mathieu},
	TITLE = {Dummy players and the quota in weighted voting games: some
	further results},
	BOOKTITLE = {Evaluating voting systems with probability models---essays by
	and in honor of {W}illiam {G}ehrlein and {D}ominique
	{L}epelley},
	SERIES = {Stud. Choice Welf.},
	PAGES = {299--315},
	PUBLISHER = {Springer, Cham},
	YEAR = {[2021] \copyright 2021},
	MRCLASS = {91A12 (91B12)},
	MRNUMBER = {4305685},
	DOI = {10.1007/978-3-030-48598-6\_13},
	URL = {https://doi.org/10.1007/978-3-030-48598-6_13},
}

@ARTICLE{2021arXiv210415080S,
	author = {{Sinn}, Rainer and {Sj{\"o}berg}, Hannah},
	title = "{Do alcoved lattice polytopes have unimodal h*-vector?}",
	journal = {arXiv e-prints},
	keywords = {Mathematics - Combinatorics},
	year = 2021,
	month = apr,
	eid = {arXiv:2104.15080},
	pages = {arXiv:2104.15080},
	archivePrefix = {arXiv},
	eprint = {2104.15080},
	primaryClass = {math.CO},
	adsurl = {https://ui.adsabs.harvard.edu/abs/2021arXiv210415080S},
	adsnote = {Provided by the SAO/NASA Astrophysics Data System}
}

@article {MR4202016,
	AUTHOR = {Herzog, J\"{u}rgen and Jafari, Raheleh and Stamate, Dumitru I.},
	TITLE = {Ulrich elements in normal simplicial affine semigroups},
	JOURNAL = {Pacific J. Math.},
	FJOURNAL = {Pacific Journal of Mathematics},
	VOLUME = {309},
	YEAR = {2020},
	NUMBER = {2},
	PAGES = {353--380},
	ISSN = {0030-8730},
	MRCLASS = {13H10 (05E40 13H15 20M25)},
	MRNUMBER = {4202016},
	DOI = {10.2140/pjm.2020.309.353},
	URL = {https://doi.org/10.2140/pjm.2020.309.353},
}

@ARTICLE{2021arXiv210610267C,
	author = {{Christensen}, Thomas and {Po}, Hoi Chun and {Joannopoulos}, John D. and {Solja{\v{c}}i{\'c}}, Marin},
	title = "{Location and topology of the fundamental gap in photonic crystals}",
	journal = {arXiv e-prints},
	keywords = {Physics - Optics, Condensed Matter - Mesoscale and Nanoscale Physics},
	year = 2021,
	month = jun,
	eid = {arXiv:2106.10267},
	pages = {arXiv:2106.10267},
	archivePrefix = {arXiv},
	eprint = {2106.10267},
	primaryClass = {physics.optics},
	adsurl = {https://ui.adsabs.harvard.edu/abs/2021arXiv210610267C},
	adsnote = {Provided by the SAO/NASA Astrophysics Data System}
}


@inproceedings{maria2021computation,
	title={Computation of Large Asymptotics of 3-Manifold Quantum Invariants},
	author={Maria, Cl{\'e}ment and Rouill{\'e}, Owen},
	booktitle={2021 Proceedings of the Workshop on Algorithm Engineering and Experiments (ALENEX)},
	pages={193--206},
	year={2021},
	organization={SIAM}
}

@article{nima2021non,
	title={Non-perturbative geometries for planar {N= 4 SYM} amplitudes},
	author={Nima, Arkani-Hamed and Lam, Thomas and Spradlin, Marcus},
	journal={Journal of High Energy Physics},
	volume={2021},
	number={3},
	year={2021},
	publisher={Springer Nature BV}
}

@ARTICLE{2021arXiv210312493B,
	author = {{Brenner}, Holger and {Steinbuch}, Jonathan},
	title = "{Deciding Stability of Sheaves on Curves}",
	journal = {arXiv e-prints},
	keywords = {Mathematics - Algebraic Geometry, 14H60, 14 04},
	year = 2021,
	month = mar,
	eid = {arXiv:2103.12493},
	pages = {arXiv:2103.12493},
	archivePrefix = {arXiv},
	eprint = {2103.12493},
	primaryClass = {math.AG},
	adsurl = {https://ui.adsabs.harvard.edu/abs/2021arXiv210312493B},
	adsnote = {Provided by the SAO/NASA Astrophysics Data System}
}

@article{el2021manipulabilite,
	title={Manipulabilit{\'e} coalitionnelle du vote par note {\`a} trois niveaux: quantification et comparaison {\`a} trois autres r{\`e}gles de vote},
	author={El Ouafdi, Abdelhalim and Lepelley, Dominique and Serais, J{\'e}r{\^o}me and Smaoui, Hatem},
	journal={Revue d'{\'e}conomie politique},
	volume={132},
	number={2},
	pages={297--321},
	year={2021},
	publisher={Dalloz}
}

@ARTICLE{2021arXiv210703152G,
	author = {{Gao}, Shiliang and {Orelowitz}, Gidon and {Ressayre}, Nicolas and {Yong}, Alexander},
	title = "{Newell-Littlewood numbers III: eigencones and GIT-semigroups}",
	journal = {arXiv e-prints},
	keywords = {Mathematics - Algebraic Geometry, Mathematics - Combinatorics, Mathematics - Representation Theory},
	year = 2021,
	month = jul,
	eid = {arXiv:2107.03152},
	pages = {arXiv:2107.03152},
	archivePrefix = {arXiv},
	eprint = {2107.03152},
	primaryClass = {math.AG},
	adsurl = {https://ui.adsabs.harvard.edu/abs/2021arXiv210703152G},
	adsnote = {Provided by the SAO/NASA Astrophysics Data System}
}

@ARTICLE{2021arXiv211201095C,
	author = {{Chimani}, Markus and {Juhnke-Kubitzke}, Martina and {Nover}, Alexander},
	title = "{On the Dominant of the Multicut Polytope}",
	journal = {arXiv e-prints},
	keywords = {Mathematics - Combinatorics, Computer Science - Discrete Mathematics},
	year = 2021,
	month = dec,
	eid = {arXiv:2112.01095},
	pages = {arXiv:2112.01095},
	archivePrefix = {arXiv},
	eprint = {2112.01095},
	primaryClass = {math.CO},
	adsurl = {https://ui.adsabs.harvard.edu/abs/2021arXiv211201095C},
	adsnote = {Provided by the SAO/NASA Astrophysics Data System}
}


@ARTICLE{2021arXiv210608425K,
	author = {{Kiers}, Joshua},
	title = "{Extremal rays of the equivariant Littlewood-Richardson cone}",
	journal = {arXiv e-prints},
	keywords = {Mathematics - Combinatorics},
	year = 2021,
	month = jun,
	eid = {arXiv:2106.08425},
	pages = {arXiv:2106.08425},
	archivePrefix = {arXiv},
	eprint = {2106.08425},
	primaryClass = {math.CO},
	adsurl = {https://ui.adsabs.harvard.edu/abs/2021arXiv210608425K},
	adsnote = {Provided by the SAO/NASA Astrophysics Data System}
}

@ARTICLE{2021arXiv210903736G,
	author = {{Grange}, Tim and {Postinghel}, Elisa and {Prendergast-Smith}, Artie},
	title = "{Log Fano blowups of mixed products of projective spaces and their effective cones}",
	journal = {arXiv e-prints},
	keywords = {Mathematics - Algebraic Geometry, 14C20, 14J45, 14J70},
	year = 2021,
	month = sep,
	eid = {arXiv:2109.03736},
	pages = {arXiv:2109.03736},
	archivePrefix = {arXiv},
	eprint = {2109.03736},
	primaryClass = {math.AG},
	adsurl = {https://ui.adsabs.harvard.edu/abs/2021arXiv210903736G},
	adsnote = {Provided by the SAO/NASA Astrophysics Data System}
}

@article {MR4298661,
	AUTHOR = {Pintye, Norbert and Prendergast-Smith, Artie},
	TITLE = {Effective cycles on some linear blowups of projective spaces},
	JOURNAL = {Nagoya Math. J.},
	FJOURNAL = {Nagoya Mathematical Journal},
	VOLUME = {243},
	YEAR = {2021},
	PAGES = {243--262},
	ISSN = {0027-7630},
	MRCLASS = {14C25 (14N20)},
	MRNUMBER = {4298661},
	DOI = {10.1017/nmj.2019.41},
	URL = {https://doi.org/10.1017/nmj.2019.41},
}

% Google scholar Bruns Ichim Normaliz 2022 (22.03.22)

@article{heinrich2022expansion,
	title={Expansion by regions with pySecDec},
	author={Heinrich, Gudrun and Jahn, S and Jones, SP and Kerner, Matthias and Langer, F and Magerya, V and Poldaru, A and Schlenk, J and Villa, E},
	journal={Computer Physics Communications},
	volume={273},
	pages={108267},
	year={2022},
	publisher={Elsevier}
}

@article{yu2022standard,
	title={Standard pairs of monomial ideals over nonnormal affine semigroups in SageMath},
	author={Yu, Byeongsu},
	journal={Journal of Software for Algebra and Geometry},
	volume={11},
	number={1},
	pages={129--142},
	year={2022},
	publisher={Mathematical Sciences Publishers}
}

@article{kliem2022new,
	title={A New Face Iterator for Polyhedra and for More General Finite Locally Branched Lattices},
	author={Kliem, Jonathan and Stump, Christian},
	journal={Discrete \& Computational Geometry},
	pages={1--27},
	year={2022},
	publisher={Springer}
}

@ARTICLE{2022arXiv220301268V,
	author = {{Villarreal}, Rafael H.},
	title = "{A duality theorem for the ic-resurgence of edge ideals}",
	journal = {arXiv e-prints},
	keywords = {Mathematics - Commutative Algebra, Mathematics - Combinatorics, 13C70, 13F20, 13F55, 05E40},
	year = 2022,
	month = mar,
	eid = {arXiv:2203.01268},
	pages = {arXiv:2203.01268},
	archivePrefix = {arXiv},
	eprint = {2203.01268},
	primaryClass = {math.AC},
	adsurl = {https://ui.adsabs.harvard.edu/abs/2022arXiv220301268V},
	adsnote = {Provided by the SAO/NASA Astrophysics Data System}
}

@article {MR4381765,
	AUTHOR = {Diss, Mostapha and Gori, Michele},
	TITLE = {Majority properties of positional social preference
	correspondences},
	JOURNAL = {Theory and Decision},
	FJOURNAL = {Theory and Decision. An International Journal for
	Multidisciplinary Advances in Decision Science},
	VOLUME = {92},
	YEAR = {2022},
	NUMBER = {2},
	PAGES = {319--347},
	ISSN = {0040-5833},
	MRCLASS = {91B14},
	MRNUMBER = {4381765},
	DOI = {10.1007/s11238-021-09828-x},
	URL = {https://doi.org/10.1007/s11238-021-09828-x},
}


@article{beck2022decompositions,
	title={Decompositions of {Ehrhart} $h^*$-Polynomials for Rational Polytopes},
	author={Beck, Matthias and Braun, Benjamin and Vindas-Mel{\'e}ndez, Andr{\'e}s R},
	journal={Discrete \& Computational Geometry},
	pages={1--22},
	year={2022},
	publisher={Springer}
}

@article{dunfield2022counting,
	title={Counting essential surfaces in 3-manifolds},
	author={Dunfield, Nathan M and Garoufalidis, Stavros and Rubinstein, J Hyam},
	journal={Inventiones mathematicae},
	pages={1--59},
	year={2022},
	publisher={Springer}
}

@ARTICLE{2022arXiv220205405B,
	author = {{Besson}, Marc and {Jeralds}, Sam and {Kiers}, Joshua},
	title = "{Weight polytopes and saturation of Demazure characters}",
	journal = {arXiv e-prints},
	keywords = {Mathematics - Representation Theory, Mathematics - Algebraic Geometry, Mathematics - Combinatorics, 14M15, 22E46, 17B10, 05E10, 52A40},
	year = 2022,
	month = feb,
	eid = {arXiv:2202.05405},
	pages = {arXiv:2202.05405},
	archivePrefix = {arXiv},
	eprint = {2202.05405},
	primaryClass = {math.RT},
	adsurl = {https://ui.adsabs.harvard.edu/abs/2022arXiv220205405B},
	adsnote = {Provided by the SAO/NASA Astrophysics Data System}
}

@article{herbig2022hilbert,
	title={Hilbert series of symplectic quotients by the 2-torus},
	author={Herbig, Hans-Christian and Herden, Daniel and Seaton, Christopher},
	journal={Collectanea Mathematica},
	pages={1--28},
	year={2022},
	publisher={Springer}
}







